2554 3900
558 168 774 231 ..12-

158 330 233 413 πρὸς
252 333 329 410 βῆχα
346 329 397 391 καὶ
415 329 574 410 βοαλσούς,
595 325 767 392 Ἀνατολίον
787 330 828 400 εἰς
846 327 879 390 τὸ
899 327 987 408 αὐτό,
1010 325 1081 391 dato
1100 329 1175 410 βήσ-

159 437 241 481 σοντι
254 419 405 505 ὑποζυγίῳ
418 423 477 480 art.
485 413 519 500 ¹).
547 424 705 496 praeterea
719 419 837 480 omissis
855 419 972 479 ultimis
991 419 1024 477 in
1042 420 1176 480 editione

157 531 187 587 p.
212 512 274 572 307
299 510 398 570 verbis
426 506 459 569 ἒν
482 508 592 594 Κύρνῳ
619 517 655 593 τῇ
682 507 764 593 νήσῳ
792 527 815 567 e.
836 529 863 585 q.
883 526 906 567 ε.
947 507 1177 586 subiunguntur

158 600 179 658 f.
191 600 365 661 ass-388
380 597 611 674 compositiones
625 597 727 660 variae
740 597 851 675 viginti
865 597 1007 674 quinque.
1031 598 1052 658 f.
1064 600 1173 658 389-

160 690 223 750 393
239 690 388 748 tractatus
403 685 545 747 exhibent
558 687 595 746 de
608 685 790 763 ponderibus
805 688 837 744 et
849 686 1009 763 mensuris,
1022 688 1045 745 f.
1056 683 1177 747 393'-

160 772 234 837 394‘
243 777 451 854 longissimam
461 776 709 851 compositionem
718 774 862 850 scriptam
876 775 936 834 alia
945 793 1039 834 manu
1051 769 1178 855 Ἀλοιφὴ

160 863 257 946 θερμὴ
282 858 322 925 δι’
342 855 380 942 ἧς
399 863 593 943 θεραπεύσεις
615 863 714 925 πάντα
737 860 858 923 τέτανον
881 860 1054 943 ἀνθρώπων
1077 887 1108 925 τε
1125 863 1179 926 καὶ

160 953 259 1014 ἵππων
282 957 340 1014 κτλ.
364 973 425 1013 non
447 954 606 1030 integram.
647 953 738 1012 huius
761 951 871 1012 codicis
894 971 945 1012 eas
967 956 1071 1029 partes
1095 974 1177 1032 quae

160 1043 198 1102 ad
222 1043 420 1120 Pelagonium
448 1042 669 1118 scriptoresque
698 1042 736 1100 ab
760 1060 795 1101 ec
824 1041 975 1101 adhibitos
1001 1042 1179 1104 referuntur

159 1131 192 1189 in
214 1150 316 1190 meum
338 1149 429 1190 usum
451 1131 569 1190 contuli
590 1130 797 1207 lectionesque
820 1130 948 1190 selectas
971 1133 1126 1207 proposui.

226 1219 381 1279 Parisinus
400 1219 516 1279 codices
534 1220 665 1279 minores
683 1219 834 1296 Millerus,
852 1219 977 1279 Noticss
997 1222 1029 1278 et
1048 1222 1179 1281 extraits

159 1309 231 1368 XXI
252 1311 270 1368 2
295 1329 322 1384 p.
344 1311 419 1385 5sq.
440 1307 576 1369 breviter
597 1308 757 1368 recensuit.
799 1311 870 1368 sunt
893 1311 997 1368 autem

227 1400 324 1458 Paris.
346 1416 376 1459 α.
395 1398 476 1456 1995
499 1397 655 1457 continens
675 1396 847 1474 Geopouira
863 1400 893 1457 et
910 1400 1030 1473 partem
1048 1397 1178 1475 Hippia·

159 1488 307 1548 tricorum
329 1487 506 1562 inscriptam
524 1485 633 1564 Βίβλος
657 1485 863 1566 ἱπποϊατρικῆς
882 1483 953 1563 μετὰ
971 1484 1085 1559 πόσεως
1104 1481 1178 1570 (sic)

160 1572 382 1657 ἕρμηνεομὲνον
405 1575 582 1656 Σωστράτου
604 1572 655 1634 καὶ
673 1569 892 1654 Ἱπποκράτους.

228 1685 257 1726 π.
275 1670 359 1726 2091
383 1666 415 1724 in
439 1684 498 1743 quc
522 1666 628 1724 insunt
649 1682 748 1740 pauca
767 1665 938 1740 fragmenta
956 1664 1068 1723 codicis
1087 1665 1179 1725 modo

161 1754 289 1813 laudati.

226 1860 256 1900 π.
279 1844 365 1901 2244
391 1841 601 1918 bombycinus,
629 1859 753 1901 mancus
780 1859 879 1918 neque
905 1841 1017 1918 bonus,
1046 1842 1178 1918 appictis

159 1929 286 1989 rudibus
310 1947 456 2006 equorum
478 1923 704 2011 imaginibusl).

226 2038 256 2078 a.
274 2018 360 2078 2245
379 2019 568 2077 consentiens
590 2018 654 2076 fere
677 2036 746 2076 cum
770 2017 903 2094 Grynaei
925 2010 1068 2100 codic03).

229 2106 337 2167 Codice
352 2104 570 2166 Barbarinianc
585 2106 794 2166 Valentinium
807 2125 898 2166 usum
912 2126 976 2167 esse
995 2107 1026 2166 in
1042 2107 1175 2170 editione

161 2195 355 2273 Hippocratis
378 2195 617 2272 fragmentorum
640 2214 732 2272 supra
754 2215 783 2271 p.
805 2199 845 2255 10
868 2196 1050 2256 monuimus.

227 2284 436 2344 Bibliothecae
464 2284 647 2344 Bodleianae
676 2283 852 2344 Oxoniensis
880 2285 942 2344 cod.
974 2285 1177 2346 baroccianus

162 2373 285 2433 CLXIV
308 2374 486 2434 chartaceus
509 2391 585 2434 saec.
610 2373 666 2432 XV
693 2375 835 2449 congruit
860 2374 924 2433 fere
952 2393 1021 2434 cum
1044 2375 1178 2436 editione

163 2455 336 2544 Gryuaei4).
368 2464 487 2541 plenior
501 2461 757 2541 cantabrigiensis
776 2455 857 2544 (coll.
872 2463 977 2523 Eman.
993 2464 1056 2524 cod.
1074 2465 1102 2542 3,
1120 2456 1177 2546 19)

234 2621 261 2685 1)
279 2616 403 2672 Eaedem
421 2616 637 2686 compositiones
655 2616 752 2686 paullo
772 2614 856 2669 aliter
873 2613 1006 2682 leguntur
1023 2613 1055 2667 in
1078 2615 1177 2670 codice

160 2687 289 2742 Parisino
308 2686 413 2742 Milleri
426 2688 464 2740 M
480 2695 515 2752 (v.
530 2687 627 2756 infra):
651 2707 678 2756 p.
694 2691 727 2740 75
752 2684 815 2744 cos‘
837 2683 913 2754 (περὶ
935 2685 1020 2757 βηχὸς
1039 2681 1071 2741 ἐκ
1090 2705 1178 2741 κατα-

162 2758 299 2824 arigewe),
319 2763 352 2810 ’12
371 2756 442 2811 ννθ’
463 2756 608 2826 (σύνθεσις
626 2753 832 2827 ἔγχοματισμοῦ
850 2757 920 2825 πρὸς
938 2756 1033 2825 αὐτό,
1059 2764 1092 2812 73
1111 2757 1176 2830 οξβ’

162 2825 331 2896 (ἀρτηριαπὴ
350 2827 420 2893 πρὸς
438 2828 474 2897 βῆ
493 2832 537 2896 α),
557 2835 589 2881 73
608 2827 671 2897 οξγ’
692 2828 837 2896 (σύνθεσις
855 2827 928 2897 πρὸς
946 2828 998 2882 αὐτ
1016 2831 1039 2895 ),
1059 2834 1093 2882 74
1112 2827 1178 2896 νξς’

162 2897 263 2966 (ἄλλο),
288 2903 323 2953 74
340 2896 400 2962 αξξ
422 2847 502 2965 (apic
525 2897 593 2951 absh
619 2897 667 2952 acl
690 2900 809 3021 βοῦλοον
834 2899 980 2969 [dedicans
1003 2897 1033 2952 in
1051 2898 1178 2968 capitum

160 2968 292 3094 ἰάοάίλαοβ),
316 2974 349 3107 'l)4
368 2967 437 3034 vfid'
461 2963 627 3037 (Ἀνατολίοα
650 2987 688 3038 πρ
707 2988 720 3030 ς
738 2967 834 3037 αὐτό),
860 2975 892 3024 75
911 2968 973 3024 vce‘
993 2968 1070 3040 (περὶ
1092 2970 1179 3042 βηχὸς

181 3058 212 3094 νε
229 3058 250 3094 π
263 3056 349 3094 orco.

236 3114 264 3179 2)
282 3107 466 3163 Montiaucou
485 3106 558 3162 Bibl.
575 3107 643 3164 bibl.
663 3108 689 3163 Il
710 3115 775 3176 735,
794 3110 844 3165 ubi
862 3126 918 3166 non
931 3111 1004 3166 bane
1019 3111 1179 3180 descriptus

162 3183 214 3237 est.
238 3180 358 3236 eundem
373 3196 407 3233 ex
420 3177 528 3233 Halleri
542 3179 615 3235 Bibl.
630 3182 703 3236 med.
713 3183 801 3251 pract.
816 3183 829 3235 Ι
842 3199 869 3251 p.
886 3189 938 3237 289
953 3184 1051 3238 laudat
1062 3181 1180 3239 Eichen-

162 3251 273 3320 feldius,
293 3250 394 3305 Annal.
412 3249 534 3306 Vindob.
553 3257 588 3306 44
607 3255 698 3323 (1828)
719 3253 918 3323 Anaeigcblatt
934 3272 961 3323 p.
977 3258 1011 3308 48
1031 3254 1094 3310 adu

233 3325 261 3392 3)
285 3320 329 3375 Ad
357 3323 432 3376 bunc
458 3320 601 3377 Ruellium
626 3323 804 3394 Hippiatrica
829 3323 930 3378 Latine
954 3323 1111 3380 reddidisse
1136 3325 1180 3382 ait

162 3391 290 3449 Millerus
309 3391 445 3448 adhibitis
463 3397 496 3448 ut
514 3394 626 3449 videtur
643 3397 707 3450 aliis
725 3394 813 3450 libn's.

234 3467 262 3535 4)
280 3463 436 3533 Descripsit
453 3463 685 3536 Darembergius,
709 3465 844 3521 Archives
870 3466 920 3521 des
938 3466 1068 3522 missione
1088 3467 1178 3522 scien-

162 3537 275 3607 tifiques
294 3539 323 3593 et
340 3535 493 3594 litterairss
511 3535 537 3591 Il
556 3536 653 3607 (Paris.
675 3540 754 3606 1851)
772 3554 800 3605 p.
818 3542 877 3591 151.
