2554 3900
333 1006 638 1082 PELAGONIVS
669 1007 876 1082 FALERIO
915 1008 1002 1082 SVO

137 1219 154 1275 1
230 1225 333 1300 Equos
352 1223 430 1283 circo
449 1221 601 1298 sacrisque
620 1221 834 1282 certaminibus
853 1223 1061 1299 quinquennes
1079 1243 1182 1303 usqne

164 1315 202 1374 ad
216 1332 329 1373 annum
341 1311 522 1390 vigesimum
535 1311 713 1386 plerumque
727 1311 850 1371 idoneos
865 1312 1051 1391 adseverant,
1070 1315 1182 1374 usibus

163 1405 266 1462 autem
293 1399 464 1461 domesticis
494 1418 512 1458 a
538 1398 619 1459 bimo
650 1417 747 1475 usque
777 1401 810 1458 in
844 1420 957 1460 annum
988 1403 1182 1462 tricesimum

162 1490 344 1551 necessarios
359 1506 422 1548 esse
437 1488 518 1563 apud
532 1488 796 1566 diligentissimum
810 1488 965 1549 dominum
974 1490 1181 1551 certissimum
1207 1501 1218 1539 ⁵

163 1583 216 1640 est.
259 1598 408 1639 annorum
432 1579 522 1638 notae
550 1597 619 1636 cum
647 1595 769 1653 corpore
797 1580 962 1637 mutantur.
1005 1599 1077 1639 nam
1107 1580 1184 1640 dum

162 1669 261 1728 bimus
285 1671 316 1728 et
338 1686 389 1727 sex
406 1686 543 1727 mensum
561 1668 615 1746 est,
633 1666 725 1726 medii
743 1666 846 1726 dentes
865 1667 1032 1743 superiores
1052 1669 1183 1747 cadunt3

164 1775 233 1815 cum
263 1759 407 1831 quartum
436 1775 550 1815 annum
582 1755 662 1834 agit,
694 1755 731 1814 iis
765 1753 818 1830 qui
849 1755 949 1814 canini
985 1759 1184 1833 appellantur

165 1842 286 1901 deiectis
310 1843 386 1903 alios
409 1844 514 1903 adfert.
538 1844 619 1903 intra
642 1847 760 1904 sextum
783 1842 889 1903 deinde
912 1863 1026 1904 annum
1048 1848 1182 1907 molares

164 1930 332 2007 superiores
355 1930 481 2008 cadunt;
505 1933 587 1992 sexto
611 1951 689 1992 anno
713 1950 789 2008 quos
807 1932 904 2008 primo
928 1935 1069 2013 mutarit,
1092 1946 1219 1996 erae-1⁰

165 2021 248 2097 quat.
285 2017 414 2093 septimo
433 2037 535 2078 omnes
554 2020 712 2094 explentur
731 2022 900 2096 aequaliter
917 2025 948 2081 et
966 2043 1002 2082 ex
1020 2042 1055 2083 eo
1075 2024 1182 2084 dentes

164 2109 287 2170 cavatos
314 2106 406 2185 gerit,
435 2126 489 2167 nec
519 2109 626 2183 postea
654 2109 730 2183 quot
762 2127 910 2169 annorum
937 2110 990 2188 sit,
1018 2113 1182 2174 manifesto

164 2195 374 2273 comprehendi
396 2197 497 2272 potest
519 2195 578 2254 nisi
602 2196 835 2258 asubtilissimo
856 2200 887 2259 et
909 2218 927 2258 a
946 2199 1182 2278 diligentissimo

163 2285 307 2345 homine'
338 2285 488 2360 quaedam
520 2284 600 2344 enim
632 2285 719 2364 signa
751 2287 860 2346 aetatis
896 2288 1010 2364 proprii
1044 2291 1180 2366 corporis

163 2376 274 2433 natura
295 2373 445 2453 permisit,
474 2392 551 2450 quae
574 2392 628 2434 nos
651 2374 747 2452 magis
776 2375 871 2435 oculis
899 2377 1180 2452 comprehendimus
1195 2389 1217 2430 1⁵

164 2483 257 2541 quam
283 2464 409 2542 legendo
438 2462 627 2523 addiscimus.
661 2463 774 2524 decimo
803 2466 905 2523 tamen
933 2484 1011 2525 anno
1040 2468 1181 2543 tempora

163 2553 265 2615 cavari
293 2553 444 2630 incipiunt
471 2555 502 2612 et
529 2552 689 2629 supercilia
717 2571 935 2629 nonnunquam
962 2572 1117 2615 canescere
1149 2559 1180 2615 et

163 2643 266 2702 dentes
288 2643 464 2719 prominere.
498 2641 673 2702 duodecimo
698 2661 775 2701 anno
804 2642 927 2720 nigredo
955 2642 987 2702 in
1014 2644 1178 2704 medietate

163 2731 299 2789 dentium
318 2733 450 2806 apparet.
484 2747 555 2787 sane
574 2730 744 2789 domesticis
758 2730 923 2808 pecoribus,
942 2730 974 2790 id
995 2735 1041 2790 est
1054 2732 1178 2792 domitis

164 2820 195 2876 et
221 2818 305 2875 freno
333 2817 465 2876 adsuetis
496 2816 654 2892 diligentia
681 2818 808 2896 invenit,
836 2821 873 2877 ut
901 2837 994 2879 annos
1022 2820 1053 2878 in
1083 2821 1178 2881 labris
1194 2832 1216 2874 ²⁰

165 2903 409 2979 comprehendas3
428 2921 520 2980 rugas
539 2903 635 2980 igitur
654 2923 671 2961 a
689 2907 785 2964 rostro
800 2906 975 2981 incipientes
994 2910 1179 2989 numerabis

165 3010 258 3052 annos
281 3010 424 3050 numerus
446 3009 593 3068 rugarum
616 2990 754 3049 ostendit.
788 2992 908 3055 difficile
933 2998 978 3056 est
1001 3016 1040 3056 an
1063 3000 1094 3058 et
1118 3019 1181 3060 non
1256 3031 1257 3040 ¹

165 3081 278 3141 domito
301 3079 402 3156 pecori
424 3097 518 3158 rugas
540 3078 684 3138 invenias.

236 3272 252 3319 3
271 3266 426 3336 plerunque
439 3267 450 3336 ΙΙ
464 3271 480 3319 6
494 3281 627 3322 annorum
644 3265 713 3324 cor:
732 3267 831 3325 horum
846 3272 885 3339 117
899 3272 1039 3342 mensum]
1054 3273 1182 3342 repetivit
1256 3305 1257 3328 r

166 3336 325 3392 Politiunus
342 3338 375 3391 io
397 3339 521 3408 marciae
543 3339 552 3410 l
575 3346 591 3394 8
613 3338 657 3393 his
681 3343 686 3408 Ι
711 3340 870 3410 apellantur
888 3343 897 3411 ΙΙ
916 3347 949 3396 10
968 3343 1074 3412 primos
1094 3345 1153 3402 coz.

167 3410 286 3475 exequat
299 3409 308 3477 ss
323 3413 356 3461 12
376 3410 450 3478 quod
464 3411 474 3478 l
490 3413 522 3463 13
541 3410 721 3466 suctilissimo
736 3415 745 3482 ΙΙ
762 3416 794 3466 14
813 3411 898 3468 etatis
916 3415 1035 3484 propriu
1050 3419 1083 3470 15
1102 3432 1158 3483 que

167 3480 427 3552 comprehendimus
441 3482 498 3551 1111
516 3498 646 3536 numeros
