2554 3900
501 127 717 192 ..15-

96 291 137 349 de
169 289 297 367 siugulis
328 308 474 367 equorum
502 290 615 351 morbis
643 291 779 370 singulas
808 292 912 354 amicis
934 293 1116 354 inlustribus

96 377 260 456 epistulas,
288 397 363 455 quas
390 381 497 454 postca
519 379 550 438 in
573 380 686 440 librum
714 380 889 441 coniunctas
912 400 981 441 oum
1003 383 1115 443 littaris

96 466 292 527 dedicatoriis
316 467 355 526 ad
377 466 543 546 Ainygium
565 469 660 548 misit,
685 489 775 546 quem
791 470 893 531 virum
915 470 1115 531 clarissimum

94 555 302 616 Buechelerus
330 557 406 615 Mus.
428 557 522 617 Rhen.
541 560 583 618 45
607 578 636 634 p.
658 560 721 619 333
749 559 815 618 iure
843 559 996 619 concludit
1023 560 1115 620 etiam

94 645 271 705 litterarum
294 645 491 722 antiquarum
512 647 657 707 historiae
680 647 871 707 inserendum
894 667 971 727 esse,
995 644 1115 727 ‘utqui

95 734 206 794 laudes
233 753 381 811 equorum
408 755 467 794 non
495 734 582 795 modo
611 736 717 814 lingua
744 737 871 797 iactasse
899 737 1041 798 videatur
1064 739 1115 798 sed

95 823 194 883 etiam
215 823 326 882 littaris
349 823 505 883 mandasse
530 824 592 884 sive
615 826 741 901 poeticis
764 828 801 885 ut
823 846 877 903 per
896 826 1115 905 epigrammata

94 913 148 973 vel
173 912 348 990 cynegetica
370 903 596 993 (Nemesianus
620 915 767 988 cultusque
788 916 860 975 mibi
878 917 1015 976 dicendos
1034 935 1114 991 equo-

94 993 194 1082 rum),
217 1001 279 1062 sive
303 1001 424 1060 Libanii
440 1001 656 1079 rhetorumque
674 1023 756 1064 more
775 998 1044 1066 demonstrativis’.
1078 1005 1114 1065 de

94 1091 165 1153 viro
198 1089 264 1168 illo,
297 1091 385 1150 ouius
411 1110 520 1150 nomen
555 1091 648 1150 etiam
674 1093 825 1169 capitibus
852 1093 906 1153 ΠΙ.
934 1094 985 1153 VI.
1014 1094 1114 1152 XXIV

94 1179 323 1255 praescriptum
346 1182 405 1257 est,
427 1182 498 1256 post
519 1180 720 1259 Borghesium
728 1174 752 1263 ¹)
775 1182 947 1242 Huelsenus
971 1183 1114 1244 disseruit

93 1268 218 1328 Notizie
241 1267 322 1345 degli
345 1268 426 1327 soavi
451 1270 536 1329 1888
560 1289 589 1345 p.
609 1273 673 1331 495
690 1289 732 1348 sq.
766 1271 825 1331 duo
844 1271 952 1331 Betitii
970 1272 1114 1347 Perpetui

94 1356 225 1433 Amygii
253 1356 387 1416 eiusdem
413 1357 526 1436 gentis,
555 1362 644 1435 pater
671 1361 797 1420 fortasse
826 1363 857 1420 et
883 1359 977 1438 filius,
1008 1360 1113 1419 distin-

94 1445 213 1524 guendi
235 1447 319 1523 sunt,
343 1445 422 1506 alter
445 1447 498 1522 qui
520 1466 575 1522 per
595 1448 751 1507 biennium
774 1442 868 1528 (inter
885 1467 979 1508 annos
999 1450 1062 1509 315
1083 1452 1114 1508 et

94 1526 180 1614 337)
211 1536 361 1593 corrector
389 1535 563 1610 provinciae
601 1537 722 1596 Siciliae
754 1537 815 1596 suit
847 1539 968 1596 statuae
1000 1536 1113 1596 honora

93 1623 279 1684 nobilitatus
302 1642 320 1681 a
342 1616 627 1702 provincialibus2,
658 1626 735 1684 alter
762 1625 809 1685 vir
837 1624 1021 1683 clarissimus
1044 1643 1112 1684 oon·

94 1713 210 1772 sularis
233 1712 360 1772 Tusciae
384 1715 415 1772 et
439 1704 621 1772 Vmbriae³.
664 1713 836 1772 consulares
860 1715 964 1772 autem
987 1713 1113 1775 Tusciae

95 1806 128 1862 et
153 1801 297 1860 Vmbriae
321 1819 388 1860 cum
408 1820 468 1861 non
491 1801 607 1860 fuerint
625 1805 696 1861 ante
719 1822 745 1862 a.
766 1803 843 1881 366,
868 1807 1027 1864 occurrant
1044 1804 1113 1864 inde

93 1931 311 1940 .-.----

95 2007 144 2077 (of.
155 2004 318 2074 Buecheler,
332 2005 403 2059 Mus.
413 2004 502 2062 Rhea.
512 2009 546 2058 45
561 2024 587 2076 p.
599 2010 670 2076 333).
692 2007 802 2064 accedit
816 2007 920 2063 codicis
934 2007 1113 2064 Riooardiani

94 2095 162 2132 cum
181 2077 261 2131 libris
280 2074 453 2131 columellae
472 2080 501 2130 et
514 2077 629 2146 Vegetii
646 2095 803 2135 consensus.

173 2150 199 2218 1)
219 2147 289 2217 Opp.
304 2146 360 2201 vol.
371 2146 409 2200 VI
427 2164 455 2216 p.
471 2153 531 2202 305.
546 2155 607 2204 313.
635 2151 757 2219 epistula
771 2150 831 2206 eius
846 2151 914 2206 data
927 2151 954 2204 d.
970 2157 1012 2205 24.
1023 2149 1112 2219 April.

94 2238 119 2276 a.
143 2224 215 2274 1886
234 2219 342 2272 inserta
360 2218 405 2271 est
417 2220 588 2288 praelationi
606 2220 738 2276 editionis
758 2220 946 2277 Sarchianeae
965 2240 992 2290 p.
1007 2228 1076 2290 2sq.

169 2293 197 2360 8)
214 2288 286 2344 CIL.
301 2290 327 2343 X
342 2294 426 2344 7204:
445 2291 648 2346 clcmcmisca'mo
662 2299 688 2348 et
699 2294 920 2348 mordacissimo
930 2293 956 2348 d.
966 2310 994 2347 n.
1010 2291 1113 2346 Flauio

98 2362 213 2418 Valerio
234 2359 415 2415 Constantino
431 2361 561 2417 Maximo
574 2365 625 2433 pio
642 2365 719 2431 felici
731 2365 833 2420 inuicto
851 2364 979 2433 Aooasto
992 2364 1114 2419 Betitics

94 2435 251 2503 Perpetuus
269 2448 294 2486 o.
309 2447 331 2486 c.
347 2435 506 2500 corrector)
520 2435 706 2504 precabare)
718 2435 855 2503 Sicimao)
873 2436 984 2489 deuotus
1002 2435 1113 2488 camini

94 2503 287 2572 maiestatique
310 2504 369 2558 eius
385 2519 488 2572 semper
506 2506 623 2560 dicatas.
651 2504 763 2560 Notizie
782 2504 809 2557 d.
829 2503 905 2558 soavi
926 2507 994 2557 1888
1035 2509 1112 2556 ,495

95 2580 141 2644 (=
157 2573 259 2628 Kaibel
273 2573 357 2628 lusor.
377 2573 502 2630 Graecae
522 2575 634 2628 Siciliae
655 2580 684 2630 et
702 2573 802 2628 Italiae
820 2577 960 2627 n.1078a
982 2521 1111 2628 Addend.

94 2664 122 2716 p.
135 2647 215 2715 630:
225 2646 351 2716 Arsypis'.
359 2645 409 2699 τὸν
417 2643 529 2708 ἁπάσας
538 2645 588 2709 τὰς
596 2644 692 2708 πόλεις
698 2651 748 2713 τῆς
755 2644 902 2706 sauctitas
909 2643 1112 2698 ἀνανεώσαντα

95 2714 711 2858 ctturbatustlists
726 2716 949 2858 tttttttt
964 2711 1112 2858 ‘addidi

97 2878 188 2915 σαντα
207 2860 332 2913 Βετίτιον
346 2856 528 2928 Περπέτουον
546 2860 596 2915 τὸν
614 2857 810 2930 λαμπρότατον
828 2857 963 2927 retrocco
982 2855 1015 2912 αἰ
1030 2862 1113 2914 Σιαε·

97 2935 152 2986 λῶν
171 2929 272 3003 βουλαὶ
295 2928 344 2984 καὶ
368 2929 383 2983 ὸ
402 2931 490 3000 δῆμος
513 2929 662 3000 ἀνδριάντι
679 2932 729 2986 τὸν
748 2927 897 3000 εὐεργέτην
916 2929 985 2999 μετὰ
1004 2931 1112 2985 διετίαν

97 3010 145 3072 τῆς
163 3001 291 3069 πράξεως
314 2999 364 3055 διὰ
386 3003 566 3072 πρεσβευτῶν
585 3001 712 3057 Ῥοδίνου
736 3000 786 3056 καὶ
801 3001 957 3056 Ἰονλιανοῦ
975 3009 1030 3056 τῶν
1050 3003 1113 3056 δια-

98 3071 262 3143 σημοτάτων
281 3072 470 3139 decerpturos
488 3071 647 3143 ἠμείψαντο
666 3075 707 3144 (in
724 3072 788 3128 basi
805 3072 911 3127 Romae
929 3075 1061 3141 reperta).

169 3149 197 3210 8)
221 3142 294 3198 CIL.
315 3143 354 3197 Vl
375 3147 443 3197 1108
463 3146 510 3210 (ad
532 3143 633 3199 melius
656 3144 849 3214 apographum
874 3141 1030 3198 Huelsenus
1049 3146 1069 3198 l.
1088 3163 1112 3200 o.

97 3233 123 3285 p.
139 3218 217 3286 487)ι
244 3215 350 3270 Betitio
370 3215 507 3282 Perpetuo
531 3217 653 3286 Arrpoc‘o
676 3232 700 3271 v.
720 3232 742 3270 c.
767 3214 907 3270 consulari
931 3214 1066 3271 Rosciae
1089 3221 1114 3271 ct

103 3285 256 3356 Vmb(rr'oc)
280 3287 312 3342 ot
336 3286 493 3356 siccatorio
516 3288 576 3342 τίνε
598 3304 663 3357 erpa
685 3286 872 3356 provinciales
890 3286 1019 3352 beneficia
1037 3291 1063 3340 et
1081 3287 1114 3341 ob

98 3359 321 3424 moderationem,
338 3373 391 3425 pro
410 3359 570 3413 documento
584 3361 666 3413 etiam
677 3357 795 3426 posteris
807 3358 1013 3426 relinquendam
1028 3362 1113 3412 oeter-

97 3446 163 3484 mrm
184 3436 293 3486 statuae
314 3434 517 3485 monumentum
542 3429 644 3485 Thurri
668 3434 694 3485 et
718 3428 813 3484 Vmbri
831 3434 952 3498 patrono
965 3435 1110 3498 warstan-

98 3501 201 3557 tissimo
219 3502 397 3556 collocarsmt.
