2558 3894
513 147 734 213 -37-

109 309 234 368 flectere
261 328 322 368 non
348 311 448 383 potest
476 312 507 368 et
535 310 635 369 omnia
662 309 795 370 membra
822 310 918 387 ipsius
948 313 1034 370 tonsa
1058 315 1129 370 sunt

109 399 147 456 in
170 397 367 474 posteriorem
393 400 525 476 paitem,
553 403 586 458 et
613 401 667 458 aut
693 418 850 476 nunquam
878 401 991 459 excutit
1019 419 1050 460 se
1075 403 1129 460 eut

105 486 246 564 difficile,
270 489 300 546 et
322 505 377 546 nec
400 486 432 544 in
454 487 584 562 priorem
606 491 724 564 partem
746 489 893 564 procedit,
918 488 970 548 sed
991 492 1072 550 retro
1095 491 1127 548 in

110 595 144 635 se
169 577 271 652 ipsum
292 575 405 635 recidit.
443 576 475 634 hi
503 579 533 636 et
561 576 681 636 difficile
709 577 829 636 urinam
855 577 973 637 faciunt
1001 581 1031 637 et
1059 598 1127 638 oum

84 683 146 725 ose
169 664 350 742 proiecerint
372 667 403 724 et
425 683 530 724 narsus
552 667 652 726 levare
673 666 833 745 voluerint,
857 667 892 726 de
911 667 1126 743 posterioribus

110 773 144 814 se
159 753 281 813 difficile
296 754 423 832 elevant,
443 754 495 814 sed
513 773 531 814 a
548 755 670 814 renibus
690 755 857 834 subsidunt,
876 755 1000 816 undeet
1018 777 1126 818 nomen

110 842 299 919 opisthotoni
321 845 453 902 tractum
476 846 528 902 est.
632 854 635 858 ’

182 931 288 991 Curari
312 934 415 992 autem
437 932 584 992 eiusmodi
606 952 701 1011 genus
724 932 870 1009 passionis
888 933 985 993 hieme
1004 933 1192 998 difficileaos

110 1023 167 1100 est,
192 1024 306 1080 aestate
330 1021 356 1081 si
374 1021 548 1100 diligentior
565 1022 659 1082 fueris
680 1022 826 1082 obtinebis
850 1022 891 1082 sic
909 1026 1035 1083 utente
1054 1043 1126 1084 uno-

68 1129 97 1167 ro
110 1110 248 1170 tionibus
261 1110 357 1169 utaris
376 1110 435 1170 his:
454 1111 557 1186 adipes
575 1111 721 1189 porcinas,
740 1112 870 1171 resinam
883 1112 1125 1191 terebinthinam,

111 1218 221 1277 ceram,
245 1199 331 1274 piper
353 1199 468 1278 tritum,
491 1201 564 1260 haec
588 1200 689 1260 omnia
712 1201 777 1262 oleo
800 1201 914 1261 misces.
946 1200 1037 1259 multi
1055 1220 1124 1261 ervo

111 1290 197 1348 cocto
225 1307 294 1348 cnm
324 1307 404 1364 aqua
431 1291 524 1366 eaput
550 1289 666 1367 fovent,
694 1289 773 1350 idem
805 1292 835 1350 et
861 1289 972 1349 hordeo
999 1289 1124 1349 faciunt.

110 1377 205 1435 multi
234 1377 265 1434 in
294 1380 421 1438 stercore
449 1377 581 1437 obruunt
609 1379 722 1438 animal
755 1379 837 1455 quod
862 1377 992 1455 patitur,
1020 1377 1052 1436 id
1080 1381 1124 1438 est

111 1468 169 1524 ant
192 1484 304 1541 equum
329 1469 384 1525 aut
410 1467 538 1545 mulam,
567 1470 622 1526 aut
649 1467 681 1525 in
709 1467 807 1527 calida
833 1468 945 1526 harene
972 1466 1053 1526 idem
1079 1468 1124 1526 fa·

72 1573 98 1612 15
112 1555 207 1614 ciunt.
244 1555 318 1614 facit
346 1555 437 1616 etiam
464 1559 495 1615 et
521 1557 595 1616 haec
627 1556 724 1631 potio:
753 1555 865 1632 piperis
897 1574 992 1633 grane
1015 1555 1054 1633 X,
1079 1575 1124 1615 oe-

114 1644 198 1702 driae
226 1646 262 1702 ut
285 1663 376 1720 supra
398 1645 524 1722 pondus,
548 1645 621 1703 nitri
639 1641 729 1720 ὁλκὴν
747 1662 849 1722 unam,
872 1639 949 1702 ὀποῦ
972 1645 1125 1724 Κυρηναι-

109 1741 166 1792 aod
199 1731 317 1810 κυάμου
345 1729 486 1812 μέγεθος,
517 1734 591 1794 heco
626 1732 727 1792 omnia
758 1732 849 1792 terito
881 1731 1002 1810 singula
1035 1736 1065 1793 et
1093 1735 1124 1793 in

109 1840 207 1880 unum
233 1822 369 1900 misceto,
397 1823 499 1882 addito
530 1824 561 1880 et
588 1821 646 1881 olei
668 1822 743 1881 hem.
769 1824 799 1880 et
821 1821 885 1882 vini
908 1823 1016 1882 summi
1042 1827 1123 1902 sext,

110 1911 180 1970 inde
214 1910 262 1970 bis
297 1911 329 1970 in
365 1911 412 1970 die
445 1911 592 1987 potiones
638 1911 728 1970 multi
764 1911 856 1970 etiam
892 1912 948 1972 hoc
984 1913 1123 1988 prodesse

70 2017 98 2058 20
111 2000 268 2079 dixerunt,
299 2001 477 2079 sanguinem
512 2000 661 2060 bubulum
696 2004 845 2060 recentem
882 2020 936 2075 per
967 2021 1060 2062 cornu
1092 2003 1123 2060 in

110 2090 213 2148 fauces
240 2089 405 2148 infundere.
451 2108 522 2149 sene
546 2089 572 2150 si
595 2089 718 2168 sanguis
748 2090 787 2150 ad
812 2091 917 2150 horam
944 2111 1005 2151 non
1031 2090 1124 2150 fuerit

111 2179 260 2256 inventnS,
288 2178 454 2256 λιβανωτοῦ
474 2175 561 2250 ὁλκὰς
585 2181 653 2257 treS,
678 2181 754 2239 sales
773 2179 869 2255 ipsius
892 2179 1030 2254 ponderis
1054 2199 1123 2239 oum

109 2268 180 2328 vino
200 2267 292 2326 dabis.
329 2267 403 2326 haec
424 2267 515 2326 multi
538 2270 569 2326 et
590 2268 693 2345 magni
720 2268 778 2329 viri
805 2267 944 2344 prodesse
974 2268 1122 2345 dixerunt,
1132 2271 1189 2327 269

108 2375 163 2416 nos
187 2359 218 2416 et
237 2356 451 2417 consuetudine
470 2358 501 2416 et
518 2375 578 2415 usu
599 2356 701 2433 potius
719 2357 793 2415 haec
815 2356 963 2432 profuisse
987 2360 1017 2416 et
1034 2357 1122 2432 prod·

68 2461 96 2501 aa
110 2463 172 2504 esse
205 2463 417 2505 memoramus:
447 2445 543 2520 adipis
576 2445 715 2520 porcinae
744 2463 818 2518 serp.
841 2443 925 2520 XVI,
949 2444 1046 2518 adipis
1074 2465 1122 2504 co·

108 2533 214 2610 prinae
242 2553 316 2608 serp.
349 2535 432 2612 XVI,
462 2533 578 2592 resinae
606 2532 824 2591 terebinthinae
852 2548 926 2605 serp.
950 2531 1029 2608 HII,
1063 2532 1122 2590 olei

109 2621 223 2681 cedrini
258 2623 349 2701 hem,
387 2623 448 2683 olei
480 2620 585 2681 cibarii
617 2622 689 2678 sext.
718 2619 792 2676 1111:
828 2618 901 2678 haec
934 2618 1034 2678 omnin
1066 2619 1121 2678 mi·

108 2713 190 2770 scoto
213 2711 245 2769 in
269 2730 357 2788 aqua,
380 2711 411 2770 in
436 2730 496 2787 que
518 2709 634 2769 nitrum
656 2711 687 2768 et
709 2709 786 2767 sales
813 2707 927 2768 fuerint
949 2708 1034 2787 cocti,
1063 2707 1122 2768 sin-

108 2800 175 2877 guli
207 2800 289 2858 VIII.
345 2802 401 2860 hoc
443 2799 539 2860 calido
576 2798 771 2858 medicamine
813 2797 955 2876 ungimus
997 2817 1122 2877 aegrum

181 2957 197 3006 6
217 2952 260 3023 se]
280 2952 382 3022 11111117
401 2953 523 3007 tractum
542 2951 654 3022 scripsi.-
672 2952 777 3006 tretum
794 2951 850 3006 sive
868 2953 975 3006 oretum
993 2951 1021 3008 R
1042 2968 1118 3008 erea-

108 3027 170 3078 tnm
180 3023 331 3079 Sorobiaai
344 3027 384 3092 18
402 3022 503 3093 hyeme
521 3025 531 3093 1
550 3027 583 3078 10
603 3021 810 3077 terebentinam
831 3023 841 3091 1
864 3027 897 3075 11
911 3022 1017 3092 piperis
1033 3023 1115 3095 111111

28 3145 32 3152 .
109 3095 197 3149 herbo
221 3095 298 3150 cotto
317 3097 327 3162 1
347 3099 379 3148 12
403 3092 490 3148 horda
504 3095 514 3162 11
533 3099 567 3147 14
590 3093 695 3148 callida
712 3096 722 3164 1
742 3097 774 3147 16
797 3091 899 3162 pondis
919 3095 980 3162 (act
998 3094 1117 3164 pondus)

109 3163 193 3221 nitrio
204 3167 298 3219 ΛΚΗΜ
317 3163 397 3220 Vsa·
409 3164 659 3218 ΤΙΟΥΚΥΡΗΝΑΤ
676 3164 818 3218 ΚΥΑΜΟΥ
833 3165 900 3219 ΜΕΓ
902 3164 1118 3235 ΕΘο0(1011111.

108 3237 191 3292 Pola.
211 3238 252 3293 cic
268 3236 337 3292 nibri
356 3235 441 3304 ὁλκὴν
459 3253 544 3290 unam
564 3254 635 3290 ouon
654 3236 809 3306 uoppvocloo
833 3233 943 3305 adoipoo
967 3233 1097 3306 μέγεθος)
1111 3235 1122 3308 11

108 3313 141 3362 17
167 3307 228 3363 oleo
246 3309 305 3377 122
324 3307 659 3362 ΛΙΒΑΝωΤΟΥΤΟΛΟΤ
679 3305 990 3378 salcsffiolita'onusia
997 3309 1122 3377 marpiue

107 3380 272 3451 λιβανωτον)
295 3380 305 3449 1
331 3384 367 3434 24
398 3395 451 3434 usn
486 3377 594 3449 potins]
627 3376 690 3432 usui
718 3382 769 3446 pot
786 3377 815 3434 R
860 3393 913 3432 usu
942 3377 1121 3447 potissimum

107 3451 275 3519 8111111116
294 3451 469 3505 terebentina
494 3451 499 3517 1
524 3465 594 3518 scrp.
613 3447 766 3570 1111111111.
781 3447 834 3502 IIII
852 3447 880 3501 R
921 3446 1069 3518 γράμματα
1088 3442 1120 3497 δ’

107 3520 658 3592 ΗΡ1171111111111111181111129
697 3521 858 3587 mtegram
