2554 3900
558 158 780 224 „3g„

160 322 367 401 consiliginem
393 325 510 383 vocant.
557 341 593 382 ea
622 317 696 399 <in>
723 322 831 382 Marsis
859 322 1013 383 montibus
1042 324 1182 401 plurima

160 411 295 472 nascitur
312 411 453 488 omnique
471 410 572 487 pecori
589 411 718 471 maxime
733 413 779 470 est
796 411 947 472 salutaris
979 413 1069 472 laeva
1082 432 1182 473 manu

158 503 232 562 haec
259 500 375 562 foditur
401 502 471 560 ante
501 499 572 560 solis
600 502 712 578 ortum,
743 500 786 561 sic
815 501 895 560 enim
923 499 1002 560 lecta
1030 501 1183 563 maiorem

158 591 222 650 vim
254 590 387 649 creditur
416 588 533 648 habere.
583 606 657 648 usus
690 589 755 648 eius
788 589 921 648 traditur
951 589 1031 648 talis.
1083 609 1184 652 aenea

159 679 254 739 fibula
284 697 354 755 pars
391 677 545 738 auriculae
581 677 730 737 latissima
761 675 1028 756 circumscribitur,
1064 679 1109 738 ita
1144 684 1184 740 ut
1208 692 1219 730 ⁵

159 771 301 828 manante
329 767 476 846 sanguine
508 770 654 844 tanquam
682 764 707 826 0
735 767 854 827 litterae
882 767 991 827 ductus
1021 773 1182 845 appareat.

159 857 216 916 hoc
244 859 275 916 et
301 856 481 918 intrinsecus
508 858 540 916 et
569 876 605 916 ex
632 855 784 933 superiore
811 859 897 932 parte
924 856 1079 916 auriculae
1107 876 1184 918 cum

160 945 276 1004 lactum
306 947 363 1025 est,
395 945 494 1006 media
523 963 593 1022 pars
622 944 764 1022 descripti
793 944 920 1005 orbiculi
949 945 1053 1005 eadem
1082 944 1183 1006 fibula
1262 971 1263 976 ¹

160 1033 331 1093 transuitur
353 1037 384 1095 et
405 1035 486 1095 facto
509 1034 655 1095 foramine
678 1033 832 1110 praedicta
862 1033 998 1094 radicula
1019 1034 1181 1113 inseritur,

160 1141 253 1198 quam
280 1142 349 1182 cum
375 1141 476 1184 recens
503 1122 596 1202 plaga
623 1122 858 1202 comprehendit,
889 1123 934 1181 ita
963 1123 1109 1202 continet,
1142 1129 1182 1184 ut
1195 1136 1218 1176 1⁰
1262 1121 1263 1172 i

160 1211 239 1272 elabi
266 1232 326 1273 non
353 1211 456 1289 possit.
507 1211 612 1272 eadem
637 1211 706 1272 inde
732 1232 787 1289 per
816 1211 984 1272 auriculam
1012 1214 1108 1273 omnis
1130 1215 1180 1274 vis

160 1300 257 1362 morbi
279 1301 529 1379 pestilentiaeque
552 1299 636 1360 virus
659 1301 790 1379 elicitur,
821 1302 914 1362 donec
941 1320 977 1361 ea
1003 1321 1074 1378 pars
1098 1321 1179 1380 quae

159 1389 254 1450 fibula
268 1389 494 1466 circumscripta
508 1392 561 1467 est,
576 1389 733 1449 demortua
746 1390 872 1450 excidat.
900 1389 1056 1451 Cornelius
1070 1389 1179 1451 Celsus

160 1479 252 1539 etiam
274 1479 349 1540 visci
371 1478 448 1539 folia
469 1497 538 1538 cum
560 1477 631 1538 vino
654 1479 728 1538 trita
750 1498 805 1555 per
826 1497 913 1538 nares
940 1479 1060 1539 infundi
1082 1480 1178 1540 iubet.

159 1567 232 1630 haec
255 1568 401 1648 facienda,
425 1568 451 1627 si
474 1567 624 1648 gregatim
645 1586 754 1644 pecora
774 1567 927 1646 laborant3
950 1569 1005 1627 illa
1027 1567 1178 1650 deinceps,
1193 1581 1216 1621 1⁶

159 1657 186 1715 si
208 1658 337 1737 singula.

112 1751 149 1808 28
247 1746 325 1804 Item
356 1747 440 1822 potio
474 1747 586 1807 Aemili
618 1745 747 1823 Hispani
776 1747 934 1824 mangonis
964 1746 1003 1806 ad
1038 1744 1178 1807 morbum

160 1831 360 1892 articularem.
398 1854 434 1893 ex
452 1835 629 1895 necessitate
648 1835 826 1914 sanguinem
843 1835 879 1894 de
897 1834 1024 1911 pedibus
1043 1836 1178 1914 detrahe,

160 1921 229 1981 inde
251 1939 370 1980 murrae
394 1922 526 2000 troglitia
541 1955 583 1963 —
597 1923 672 2001 HH,
700 1923 779 1984 croci
801 1922 897 2002 selib,
922 1921 996 2000 [sale
1020 1921 1084 2000 lib]
1110 1944 1178 1984 cen·

159 2013 283 2070 teureae
307 2025 381 2086 scrp.
405 2009 480 2088 IIII,
508 2010 607 2085 spicae
636 2010 756 2070 Indicae
782 2008 954 2091 <unciam>,
977 2012 1090 2089 piperis
1114 2013 1176 2074 albi
1189 2027 1212 2066 ²⁰

160 2117 239 2176 sem,
254 2098 317 2175 apii
327 2097 448 2158 seminis
459 2097 605 2159 coclearia
615 2098 758 2178 quinque,
768 2101 895 2160 meconii
909 2132 956 2178 -,
971 2102 1106 2177 propolis
1125 2133 1175 2181 -,

161 2187 259 2247 mellis
287 2190 360 2247 sent.
389 2189 420 2247 et
450 2186 566 2246 niti-nm
593 2187 625 2244 in
657 2205 688 2246 ae
715 2188 844 2249 conteris
877 2191 908 2248 et
938 2190 1072 2266 reponis;
1105 2191 1175 2251 inde

160 2276 369 2424 pinzgnitudine
391 2275 477 2336 nucis
500 2275 666 2335 Abellanae
689 2295 758 2337 cum
781 2295 878 2354 aquae
900 2277 1020 2354 tepidae
1044 2280 1175 2340 sextario

181 2385 198 2424 a
219 2383 253 2425 rs.

514 2491 553 2551 H.
581 2489 634 2549 Ad
656 2491 811 2550 maciem.
1190 2505 1213 2545 as

330 2607 586 2670 PELAGONIVS
609 2605 809 2666 FESTIANO
834 2604 909 2666 SVO
932 2606 1002 2666 ΑΙΤ

110 2715 149 2772 24
225 2724 328 2799 Equos
356 2727 425 2783 tuos
454 2741 542 2783 sanos
570 2722 704 2801 quidem,
732 2721 784 2780 sed
811 2721 885 2780 satis
912 2722 1089 2783 macilentos
1118 2725 1178 2784 fre-

159 2813 287 2885 quenter
317 2810 446 2888 inspexi,
480 2810 590 2886 quibus
621 2813 658 2869 ut
689 2810 831 2870 adhibeas
862 2811 956 2870 talem
985 2810 1177 2891 diligentiam

232 2951 245 2996 1
267 2942 340 3016 (in)
359 2960 409 2997 occ.
427 2943 550 3012 plerique
573 2942 736 2999 Columelloc
753 2945 820 3000 libri
837 2945 847 3014 l
865 2951 882 3000 2
902 2945 967 3000 lena
984 2948 1024 3015 113
1042 2946 1116 3001 baec
1135 2947 1177 3003 lo-

159 3011 252 3086 ditur]
270 3013 403 3069 effoditur
418 3013 528 3081 00116
546 3013 688 3070 orbiculus
705 3017 779 3086 quod
791 3017 872 3085 culpo
891 3017 991 3088 locitas·
1008 3021 1070 3084 post
1088 3035 1178 3088 appa·
1260 3083 1261 3086 Ἴ

159 3085 221 3139 reat
239 3101 290 3140 cm.
309 3085 390 3138 oculu
409 3085 570 3139 Columellas
589 3085 656 3140 libri
672 3088 683 3155 l
701 3093 714 3141 l
735 3085 872 3156 superiori
890 3089 900 3157 ΙΙ
918 3093 934 3142 8
952 3086 1041 3158 figula
1053 3089 1094 3157 li)
1112 3106 1177 3158 prc-

160 3156 259 3225 dictall
275 3159 452 3225 loquantum
468 3154 472 3228 Ι
488 3155 541 3228 ita]
560 3155 607 3226 ipa
620 3157 630 3226 Ι
645 3163 677 3211 11
696 3157 726 3212 in
744 3175 807 3213 eam
821 3157 924 3214 deinde
949 3157 1006 3214 Col.
1024 3159 1175 3229 (κάκεῖθεν

159 3242 209 3296 διὰ
226 3251 276 3298 τοῦ
295 3244 382 3298 αὐτοῦ
401 3243 557 3316 ὠτίουΜη
575 3251 606 3300 14
619 3244 703 3318 visci]
723 3247 782 3300 eins
799 3247 843 3317 (io
855 3263 942 3317 moro.
962 3263 1031 3302 corr.
1046 3232 1135 3316 iffins)
1147 3249 1175 3305 R

158 3319 208 3383 τῆς
229 3314 316 3384 αὐτῆς
329 3314 455 3440 ,torcium
471 3317 507 3370 M
525 3324 530 3378 l
549 3316 696 3372 infundere
707 3317 763 3372 col.
777 3320 788 3387 Ι
802 3323 834 3372 15
857 3317 1028 3388 segregatim
1049 3321 1059 3389 fl
1081 3325 1114 3372 17
1130 3337 1176 3374 ae·

158 3384 229 3439 muli
248 3385 276 3440 R
308 3405 327 3439 α
340 3387 432 3456 polleo
447 3387 481 3441 H
509 3387 621 3457 ἀμιλίου
638 3389 694 3457 ΜΗ
710 3387 1174 3459 19οθηῒαιιτ1012ονἄρὸουστά-

158 3475 225 3526 zoco
237 3454 346 3528 toccum
364 3465 397 3529 po
408 3457 439 3511 c'
460 3456 494 3512 H
506 3465 510 3522 Ι
523 3460 630 3528 piperis
650 3461 758 3528 pondua
770 3469 804 3528 yo
822 3458 852 3528 γ’
872 3459 907 3514 H
916 3461 927 3528 ll
940 3465 973 3514 21
994 3477 1062 3517 sem.
1082 3464 1175 3516 cocle·

158 3544 223 3582 area
239 3531 244 3596 Ι
259 3528 369 3585 meconi
387 3529 415 3583 R
447 3526 575 3598 μήκωνος
593 3529 624 3582 Η
636 3530 646 3596 [Ι
660 3535 693 3582 27
713 3531 890 3584 macillentor
