2554 3900
517 143 739 208 ..39-

117 306 385 386 diligentissimum
412 306 567 367 dominum
594 325 758 385 monemus,
786 307 867 384 quod
896 307 989 366 etiam
1017 304 1134 382 Cappa-

117 395 206 456 dooes
233 395 378 456 facientes
404 414 530 472 oorpora
556 414 704 473 equorum
731 398 763 455 et
788 395 930 455 nutriunt
958 398 989 454 et
1012 398 1133 474 sugent.

116 503 190 544 nam
211 484 285 543 haee
308 502 386 561 quae
409 484 490 544 infra
512 485 708 563 ostendimus,
735 484 795 561 ipsi
818 483 1009 561 Cappadoces
1031 484 1135 544 breota

119 574 289 650 appellant,
318 592 395 648 quae
426 575 498 632 sunt
524 573 607 633 talia.
666 573 770 634 hordei
799 572 915 633 modios
946 572 1006 653 111,
1044 572 1133 632 fabae

89 679 104 718 s
118 663 192 721 sext.
206 661 259 740 Vl,
273 661 368 721 tritioi
382 664 455 722 sext.
469 662 522 741 VI,
540 662 643 723 oieeris
658 665 730 722 sext.
744 661 828 739 VHI,
851 661 939 735 faseli
961 664 1034 722 sext.
1048 661 1133 740 VIII,

118 749 184 814 ervi
215 752 288 810 sext.
320 751 396 829 ΠΠ,
435 751 517 810 fseni
549 751 657 812 Graeci
689 753 761 810 sext.
793 749 853 829 III,
881 753 912 810 et
944 750 970 809 si
998 750 1132 811 volueris

116 858 197 899 uvae
218 857 326 916 passae
350 841 381 898 et
402 839 503 900 nuclei
525 840 671 900 sextarios
695 839 843 918 singulos:
867 839 903 899 de
921 839 968 898 his
992 838 1131 900 omnibus

116 928 193 988 faois
215 927 351 989 modium
378 931 410 988 et
435 928 531 1005 pridie
554 929 586 986 in
610 948 691 1006 aqua
712 928 826 988 munda
848 928 976 989 eundem
998 928 1134 990 modium

116 1016 277 1096 infundes,
305 1036 392 1077 mane
426 1018 590 1094 paululum
620 1036 651 1077 se
688 1017 836 1078 subsieoet
872 1020 903 1076 et
934 1017 1003 1078 inde
1035 1035 1133 1094 equus

76 1123 104 1162 ιο
118 1105 287 1167 semodium
316 1106 446 1183 seoipist
468 1109 499 1166 et
521 1125 586 1167 sero
611 1106 784 1168 semodium
829 1108 886 1166 hoo
908 1106 1017 1167 ootidie
1040 1104 1133 1166 simili

116 1194 276 1274 diligentia
298 1195 396 1256 faeere
420 1195 547 1256 curabis.
593 1196 619 1254 si
642 1215 713 1256 sane
732 1195 805 1255 satis
828 1195 1007 1256 macilentus
1030 1195 1132 1272 fuerit,

117 1303 188 1343 eum
210 1282 315 1346 diebus
342 1284 471 1362 triginta
498 1286 637 1345 clausum
665 1286 697 1344 in
725 1284 845 1346 stabulo
873 1284 970 1344 oalido
997 1282 1130 1361 habebis,

116 1372 164 1431 ita
190 1374 228 1431 ut
254 1372 338 1432 intus
360 1372 446 1433 bibat
469 1376 500 1433 et
522 1373 565 1434 sio
588 1374 725 1451 aooipiat.
772 1374 820 1433 sin
847 1375 951 1433 autem
972 1391 1033 1432 non
1056 1371 1131 1431 adeo

116 1463 164 1520 est
191 1461 382 1541 macilentus,
410 1462 521 1540 viginti
548 1465 580 1522 et
610 1481 671 1523 uno
702 1463 749 1523 die
782 1461 921 1522 similiter
953 1460 1131 1520 stabuletur.

74 1565 102 1606 re
115 1568 188 1609 sane
212 1550 238 1610 si
255 1552 325 1627 post
342 1550 532 1630 diligentiam
554 1553 790 1628 suprascriptam
812 1551 886 1610 satis
904 1549 998 1609 fuerit
1010 1549 1133 1628 pinguis

115 1641 149 1698 et
174 1659 211 1699 ne
238 1639 391 1718 pinguedo
413 1643 536 1719 nooeat,
566 1639 690 1718 sanguis
713 1639 749 1699 de
772 1638 896 1698 matrice
924 1638 1065 1717 tollatur,
1094 1658 1132 1698 ne

114 1726 210 1787 nimia
231 1730 352 1805 pletura
375 1729 493 1789 adferat
514 1747 624 1788 necem.

181 1816 275 1876 Aliud
307 1818 388 1895 quod
416 1835 564 1894 pauperes
594 1817 646 1876 sed
674 1816 833 1896 diligentes
862 1817 960 1877 fecere
990 1818 1131 1893 possunt:
1141 1809 1181 1866 25

112 1905 251 1966 triticum
272 1907 470 1967 torrefactum
489 1905 618 1965 mixtum
636 1925 733 1982 aquae
756 1907 880 1984 mulsae,
903 1905 1047 1965 diurnum
1068 1926 1131 1966 mo-

68 2013 97 2052 ro
112 1994 198 2054 dium
219 1998 401 2055 castrensem
423 1994 579 2072 praebebis
606 1995 710 2055 diebus
736 1996 819 2056 ultre
845 1995 957 2073 viginti
979 1996 1028 2056 vel
1056 1996 1132 2071 quot

112 2083 252 2146 volueris

181 2172 258 2232 Sane
295 2173 345 2232 eui
385 2172 473 2250 pellis
510 2174 625 2234 eruerit
661 2176 692 2234 et
728 2173 829 2234 eibum
865 2192 926 2234 non
958 2172 1051 2232 sentit
1087 2165 1176 2220 -26

112 2262 195 2339 quod
222 2279 316 2341 genus
355 2261 503 2337 passionis
542 2263 734 2324 mulomedici
771 2262 994 2340 oorieginosum
1026 2262 1129 2339 appel·

111 2351 197 2429 lant,
240 2351 389 2430 contingit
432 2354 535 2410 autem
573 2352 666 2413 nimio
704 2351 807 2411 labore
842 2383 902 2428 -,
939 2370 1130 2429 perunguen-

68 2456 96 2496 ss
110 2440 186 2499 dum
215 2442 261 2500 est
290 2441 356 2501 oleo
378 2441 511 2517 primum
541 2443 659 2518 rutato,
688 2440 733 2498 ita
760 2442 797 2497 ut
828 2457 914 2498 omne
948 2456 1056 2513 corpus
1079 2458 1131 2512 pe-

110 2547 261 2608 rungusS,
294 2531 325 2589 et
350 2529 407 2588 hae
438 2530 544 2605 postea
571 2528 693 2605 potione
727 2525 861 2585 sanabis:
890 2525 1038 2602 osriotee,
1067 2527 1130 2585 trs-

111 2618 223 2697 eantbi,
241 2620 329 2678 rutae
344 2617 508 2695 silvaticae,
527 2618 654 2692 nepetae
676 2617 836 2674 montanae
860 2614 965 2673 uncias
984 2613 1130 2695 singulae,

111 2706 231 2786 epium,
265 2707 450 2784 melilotum‚
483 2705 669 2764 absinthium
701 2704 861 2764 Ponticum
893 2722 963 2763 oum
994 2703 1065 2764 vino
1098 2709 1130 2764 et

113 2814 195 2872 aque
213 2795 312 2856 aalide
330 2795 423 2855 dabis.
453 2794 554 2854 omnis
573 2794 777 2870 suprascripta
791 2812 860 2853 oum
873 2812 954 2870 aqua
972 2792 1079 2871 coquis
1099 2797 1130 2855 et

71 2901 99 2940 eo
114 2883 158 2942 sie
180 2887 250 2960 post
272 2904 342 2946 oum
364 2884 434 2946 vino
459 2883 552 2945 dabis.

184 3097 200 3146 8
220 3089 329 3162 breota]
345 3090 464 3158 abrepta
474 3089 502 3143 R
519 3090 603 3159 (corr.
614 3089 787 3158 Eichenfeld)
801 3092 811 3158 ΙΙ
831 3093 848 3141 ὁ
866 3087 963 3143 faselis
977 3091 987 3157 ΙΙ
1001 3090 1106 3144 therbi
1121 3090 1131 3158 ii

113 3167 146 3215 12
162 3162 269 3216 olasum
283 3162 293 3230 fl
309 3166 342 3216 14
356 3158 534 3216 macillentus
550 3161 555 3230 Ι
571 3158 674 3229 viginti
683 3165 713 3214 et
722 3177 778 3216 uno
792 3157 852 3230 die]
869 3154 915 3214 ἐπὶ
929 3158 1046 3248 ἡμέραις
1056 3160 1086 3215 κ’
1098 3161 1135 3217 H

112 3228 161 3286 ἐπὶ
178 3229 295 3302 ἡμέραις
313 3233 402 3288 εἴκοσι
423 3231 450 3285 Ρ
467 3233 524 3300 (aad
541 3231 684 3302 Apsyrta
702 3231 791 3300 Hipp.
809 3235 866 3286 300
889 3230 994 3301 ἡμερας
1016 3226 1081 3301 ἑξῆς
1098 3231 1129 3286 κ’

110 3304 163 3358 καὶ
180 3302 223 3371 α’)
241 3307 251 3373 [Ι
271 3307 303 3357 1ὗ
322 3304 442 3372 pingues
459 3304 469 3372 [Ι
487 3307 522 3357 20
539 3299 671 3372 prebebis
687 3304 692 3370 Ι
708 3302 783 3370 qnod
801 3303 811 3370 ΙΙ
831 3307 865 3356 22
885 3305 973 3370 pelles
993 3303 1083 3358 auerti
1101 3302 1130 3358 R

111 3373 203 3445 δέρμα
226 3375 429 3446 καταξηρανθῇ
449 3374 489 3440 Η,
506 3374 571 3428 inde
593 3389 663 3428 corr.
687 3373 874 3442 Eichenfeldss
897 3379 930 3426 at
954 3375 1050 3428 uncias
1074 3373 1130 3428 sin·

109 3447 206 3517 gulas]
225 3461 287 3499 une.
309 3464 330 3501 s.
351 3445 379 3499 R
411 3443 468 3500 ἀνὰ
485 3453 519 3514 po
538 3442 615 3498 oc'H
620 3448 675 3499 186
707 3442 764 3497 ἀνὰ
777 3443 866 3513 yo'ae'
878 3443 974 3500 Here
987 3446 996 3514 tl
1010 3449 1045 3498 28
1059 3444 1128 3498 mel·

110 3517 226 3574 lilotum
243 3516 422 3572 absenthium
434 3518 445 3584 ΙΙ
458 3520 492 3569 29
512 3514 617 3570 callida
