2554 3900
538 122 729 187 ..3-

125 283 278 342 coriandri
294 300 410 351 cocum,
428 286 541 359 sinapi,
565 290 741 360 opopanacis
752 290 911 363 panoniam
929 309 994 352 mm
1011 289 1061 368 [io
1080 294 1137 355 aiio

121 373 221 430 inocoi
247 373 431 446 aneatorum
458 376 616 447 spedonna
637 394 671 449 p.
699 381 842 450 quotane
867 381 943 440 deno
975 399 1047 452 ceso,
1079 402 1137 443 ooo
1173 443 1175 448 ,

120 464 265 534 quotane
293 463 368 544 sicca
393 480 486 536 capro
512 465 652 538 sanilam
679 463 737 540 est]
765 469 861 527 malso
889 474 914 528 et
941 471 1000 530 olco
1026 475 1137 533 modico

119 549 215 608 dabie.
254 551 390 625 spectare
414 551 641 611 adnotationem
660 554 747 612 illam
764 557 850 616 uncis
868 556 1016 618 inclusam
1034 560 1073 620 ad
1091 581 1137 621 re·

120 637 257 696 medium
276 638 384 714 capitis
401 640 608 715 praecedentis
629 645 693 700 114
717 636 758 723 (p.
775 647 816 705 38
836 646 881 704 ed.
901 641 1018 730 Sarch.)
1041 651 1136 709 mani·

120 726 295 786 factumest
308 727 458 804 facileque
472 729 616 789 confundi
625 734 768 807 poterant
776 753 809 807 p.
821 734 854 792 X
864 736 948 794 IIII
958 738 985 796 h.
998 757 1021 799 e.
1036 739 1135 814 pondo

121 813 316 874 denaniorum
340 819 488 892 quattuor
512 819 543 876 et
564 838 597 892 p.
619 821 733 879 XIIII
752 822 781 881 h.
802 841 826 882 e.
853 824 953 900 pondo
977 830 1135 904 quattuor-

120 903 226 962 decim.
264 923 300 964 ex
317 904 435 965 duobus
451 906 513 966 illis
530 907 682 968 codicibus
699 900 733 990 (a
747 914 778 970 et
791 903 835 993 β),
857 932 932 990 quos
946 917 1046 976 nescio
1068 917 1135 995 quis

120 991 262 1051 adhibuit
292 993 329 1052 ad
361 994 608 1055 conscribendum
637 998 796 1076 Pelagonii
825 1004 994 1079 exemplum
1019 997 1079 1087 (y),
1103 1007 1135 1065 in

119 1080 343 1157 subscriptione
353 1084 503 1158 pluralem
512 1085 642 1145 nominis
651 1086 1134 1175 PelagoniorumSalooiaoram1)

120 1201 164 1210 —
179 1169 225 1229 ita
244 1171 323 1229 enim
338 1172 528 1232 scnibendum
541 1175 663 1235 videtur
675 1196 731 1252 pro
745 1178 963 1240 daemoniorum
976 1215 1020 1225 —
1035 1186 1135 1242 ontum

118 1277 186 1318 esse
204 1260 385 1336 putaven'm.
424 1265 552 1322 stemma
570 1263 667 1340 igitur
686 1266 822 1326 codicum
841 1268 973 1329 efficitur
990 1272 1046 1332 hoc

254 1455 423 1526 Pelagoniue
439 1479 458 1512 α
485 1458 686 1533 Pelagoniued

449 1549 669 1772 W

548 1788 566 1866 l

663 2055 678 2120 ’ρ
698 2050 865 2120 archetypus
884 2051 1020 2107 Politiani

669 2129 672 2279 l
729 2307 732 2311 ,

656 2325 684 2498 il
701 2438 905 2495 lticcardianus

185 2642 225 2702 Il.
259 2641 306 2699 Ex
332 2641 389 2699 hoo
416 2658 477 2699 uno
505 2639 606 2698 codice
634 2635 780 2714 neglectis
808 2633 876 2692 aliis
905 2632 1047 2693 subsidiis
1072 2636 1133 2694 edi-

116 2732 232 2791 tionem
251 2729 386 2789 instituit
410 2728 616 2804 Sarchianius‚
635 2743 711 2801 opus
729 2723 794 2784 eius
813 2724 910 2782 morte
927 2722 1133 2802 interruptum

119 2819 244 2880 Olenius
272 2819 386 2877 amicus
415 2817 553 2878 absoluit.
594 2814 705 2874 librum
734 2815 836 2872 autem
867 2811 991 2872 illorum
1017 2815 1133 2874 mendis

120 2911 235 2968 scatere
259 2926 357 2984 neque
381 2909 522 2966 accurate
546 2925 582 2964 ex
604 2904 704 2963 codice
723 2902 907 2978 exscriptum
931 2921 994 2961 esse
1018 2902 1133 2962 dudum

117 3047 332 3056 μ-ῌ--ο-

192 3131 219 3199 1)
236 3128 355 3198 Propter
374 3127 501 3182 Salonini
519 3143 675 3196 cognomen
694 3124 804 3181 Osanno
822 3125 841 3179 l.
858 3141 883 3206 o.
903 3143 930 3194 p.
947 3129 979 3206 17
1003 3123 1033 3178 in
1055 3141 1132 3179 men·

118 3204 176 3256 tem
191 3200 270 3256 venit
288 3201 411 3255 neforto
426 3198 542 3254 Salonas
556 3197 716 3253 Delmatiae
730 3197 878 3265 Pelagomi
895 3197 1016 3264 patriam
1027 3196 1131 3277 'urbem

118 3273 205 3327 fnisse
220 3270 351 3326 concludi
364 3269 463 3340 possit.
491 3271 567 3323 cente
582 3267 731 3324 Saloninus
746 3266 889 3322 derivatur
907 3284 924 3322 a
938 3266 1049 3322 Salonio
1062 3267 1132 3322 urbe

117 3347 185 3399 tunc
209 3343 420 3409 florentissima,
445 3341 495 3395 ubi
517 3339 710 3396 Diocletianus
734 3337 913 3419 salonitanus
930 3341 996 3407 post
1014 3354 1131 3408 regnum

118 3414 282 3469 abdicatum
311 3412 398 3483 degit,
445 3411 588 3466 ethnicum
620 3410 779 3481 legitimum
809 3408 987 3465 Salomtanus
1016 3411 1058 3464 est
1085 3409 1131 3479 (cf.

117 3486 274 3541 Mommsen
294 3483 374 3554 (lorp.
393 3483 474 3540 inecr.
494 3483 585 3538 Latin.
604 3481 643 3536 Ill
662 3501 689 3552 p.
704 3483 775 3550 acl).

920 3568 956 3619 1*
