2554 3900
515 145 732 210 -51-

115 310 212 386 ipsius
236 308 409 369 conditurae
432 329 487 386 per
513 330 606 370 cornu
633 311 724 370 deicis
752 312 893 372 adiuncto
921 331 992 373 suco
1020 313 1128 374 herbae

113 399 304 476 parietariae.

143 484 145 488 ’
183 487 232 546 Ad
255 489 368 548 tussem
395 488 568 566 victoriam,
596 489 749 568 Pelagoni.
786 491 866 550 laser
892 490 977 550 iuxta
1004 492 1127 552 modum
1140 504 1173 558 77

113 576 335 654 magnitudinis
356 577 442 636 nucis
465 577 630 637 Abellanae
653 579 777 639 minoris
804 579 836 637 in
862 580 933 640 vino
960 580 1055 640 veteri
1078 581 1126 640 de-

83 666 189 726 uteris
212 669 243 724 et
264 683 326 723 una
349 666 396 725 die
419 685 474 741 per
496 685 589 725 cornu
612 667 704 726 dabis.

182 754 230 812 Ad
263 756 389 832 tussam,
423 773 501 830 quae
532 755 726 831 pulmonibus
752 757 887 816 nascitur
913 759 962 817 vel
989 759 1015 816 si
1041 769 1173 824 reneslb

111 860 270 920 pereussos
293 843 432 903 habuerit
456 845 511 903 aut
529 863 565 902 ex
581 844 675 904 nimio
694 845 801 905 sudore
820 847 1008 922 complutum
1025 847 1126 926 fuerit,

112 933 157 992 sic
186 931 318 991 curabis:
345 931 483 1008 pastillos
513 933 605 992 facies
633 934 763 993 costi-
779 934 823 1012 Π,
852 935 977 1013 hyssopi
1005 937 1125 1015 fascem,

111 1021 237 1097 panacis
246 1019 355 1079 radicis
362 1053 402 1062 —
409 1021 464 1098 ΠΙ,
474 1040 593 1081 murrae
602 1022 735 1100 troglitis
744 1055 780 1064 -
787 1023 858 1102 ΠΠ,
868 1025 997 1086 meliloti
1009 1057 1047 1067 -
1055 1025 1125 1104 ΠΠ,

65 1131 97 1170 1⁰
113 1114 145 1169 et
168 1109 268 1168 nuclei
290 1108 394 1168 viridis
425 1141 462 1150 —
479 1110 549 1189 ΠΠ,
572 1111 718 1171 marrubii
739 1113 867 1172 masculi
894 1113 975 1192 -Ι,
1003 1116 1125 1174 centau-

111 1217 182 1258 reae
198 1193 286 1275 <->
304 1199 362 1257 HI:
385 1199 459 1258 haec
483 1199 583 1258 omnia
605 1203 696 1260 tunsa
719 1204 750 1260 et
772 1201 903 1262 cribrata
925 1221 995 1262 cum
1018 1203 1125 1278 optimi

111 1286 211 1346 mellis
238 1287 359 1346 hemina
386 1287 417 1345 in
447 1306 501 1347 vas
527 1289 630 1349 mittes
660 1292 691 1349 et
722 1291 838 1367 coquis3
872 1309 940 1350 cum
967 1291 1125 1366 pastillum

110 1375 207 1435 fuerit
228 1376 352 1454 factum,
375 1377 477 1436 uteris.

179 1464 274 1523 Aliud
297 1465 336 1524 ad
356 1467 478 1524 tussam.
515 1466 702 1530 marrubium
725 1487 794 1527 cum
816 1487 918 1527 murra
946 1470 977 1527 et
1004 1471 1071 1528 ture
1095 1471 1192 1533 etro*

66 1573 96 1614 15
111 1554 184 1614 vino
209 1553 322 1629 optimo
345 1554 523 1629 potionabis.

179 1641 275 1700 Aliud
289 1642 327 1700 ad
341 1642 593 1703 vehementiorem
608 1646 724 1702 tussam
734 1644 783 1702 vel
794 1644 820 1702 si
833 1643 911 1702 male
924 1663 956 1703 os
969 1645 997 1704 ei
1014 1646 1124 1704 oluerit
1134 1655 1173 1711 80

109 1732 160 1792 vel
183 1731 324 1791 lacrimae
348 1730 496 1810 decident,
519 1732 691 1808 potionabis
721 1731 775 1791 sic:
798 1751 926 1792 mannae
952 1727 1039 1813 <->
1052 1734 1123 1814 ΠΠ,

109 1839 232 1879 murrae
246 1813 334 1898 <->
347 1819 421 1898 ΠΠ,
445 1821 583 1878 tuiis-
598 1820 642 1899 Π,
670 1821 749 1880 croci
763 1853 803 1862 —
819 1821 847 1900 1,
870 1823 1022 1881 tracanthi
1042 1857 1083 1866 —
1099 1825 1123 1904 Ι,

109 1909 210 1968 mellis
242 1908 476 1984 despumati-
499 1908 574 1988 ΠΠ,
606 1908 729 1986 hyssopi
760 1911 871 1971 fascem
889 1910 917 1970 I:
950 1912 1020 1972 vino
1053 1914 1122 1974 albo

63 2019 93 2058 ao
109 1998 213 2058 omnia
226 1997 321 2056 mixta
339 1997 432 2074 dabis²
452 1997 544 2056 donec
563 2015 654 2058 sanus
672 1999 733 2058 fiat.
768 2019 880 2076 aquam
899 2019 969 2060 sane
987 2003 1121 2078 tepidam

107 2086 274 2163 praebebis

177 2174 270 2233 Aliud
284 2168 366 2253 <ad>
380 2175 497 2254 tussim,
516 2195 593 2253 quae
611 2178 805 2253 pulmonibus
824 2179 966 2237 nascitur.
999 2178 1169 2256 hyssopissl

107 2264 300 2340 fasciculum,
332 2283 452 2322 murrae
484 2265 617 2344 troglitis
650 2298 687 2307 —
716 2266 743 2344 Ι,
776 2267 854 2326 croci
883 2299 927 2308 -
952 2267 980 2345 Ι,
1018 2268 1122 2328 laseris

108 2352 197 2428 scrip.
216 2352 257 2430 V,
281 2352 369 2411 dauci
393 2351 502 2412 Cretici
519 2385 564 2396 —-
581 2354 624 2431 Π,
650 2355 758 2414 herbae
783 2355 911 2414 Sabinae
931 2387 971 2397 —
991 2356 1030 2434 Π,
1062 2357 1121 2416 dic-

62 2461 92 2502 25
108 2441 207 2500 tamni
238 2440 336 2517 scripl.
368 2441 427 2519 ΠΙ,
464 2443 592 2503 castorei
623 2461 706 2521 sem,
743 2462 871 2501 mannae
907 2444 985 2502 croci
1015 2475 1058 2485 -
1082 2445 1121 2522 Π,

107 2530 231 2606 opii-
252 2529 280 2607 Ι,
307 2529 453 2589 nasturcii
470 2563 514 2572 —-
533 2531 560 2589 I:
591 2531 691 2590 omnia
713 2531 801 2588 melle
830 2532 860 2588 et
888 2532 971 2589 aceto
1001 2531 1122 2590 decocta

106 2619 268 2695 permisces
291 2621 322 2677 et
343 2619 446 2678 uteris.

175 2707 224 2765 Ad
237 2710 350 2766 tussem
363 2707 411 2767 vel
428 2707 466 2766 ad
484 2706 677 2786 gravedinem
696 2707 811 2782 capitis.
849 2706 950 2767 oleum
967 2708 1119 2768 rosacium
1131 2719 1169 2775 82

106 2796 157 2855 vel
184 2798 263 2855 certe
295 2794 431 2873 simplex,
460 2797 512 2856 sed
539 2814 702 2874 summum,
731 2815 799 2855 cum
831 2815 912 2872 aqua
939 2796 1037 2856 calida
1070 2799 1121 2857 sed

62 2908 91 2947 co
106 2884 212 2959 tepida
234 2903 288 2959 per
309 2903 412 2944 narem
436 2885 527 2944 deicis
549 2905 603 2961 per
625 2885 768 2945 triduum.

181 3099 193 3142 1
215 3089 299 3143 herbe
317 3091 361 3159 113
384 3089 461 3143 tussa
484 3089 665 3144 mutatorium
702 3091 779 3145 lasar
799 3090 876 3144 iusta
896 3092 940 3160 1Ιῖ
966 3091 1101 3160 conplutu

105 3166 122 3215 8
142 3156 243 3214 κόστου
261 3169 294 3228 yo
313 3160 331 3213 δ
348 3155 444 3225 ῬΗΙ
459 3159 543 3230 ysopi
558 3169 562 3219 Ι
576 3159 681 3215 fascem
715 3159 848 3230 ὃεμοὶτιου
865 3157 899 3214 ἓν
917 3159 1018 3230 μικρόν
1037 3161 1100 3216 PH

105 3239 121 3286 9
135 3247 246 3300 myrrae
263 3233 267 3300 Ι
283 3229 413 3285 melliloti
427 3233 437 3300 l
453 3237 486 3287 10
496 3228 600 3285 virides
616 3234 621 3295 Ι
637 3234 781 3300 macrobii!
796 3236 829 3285 14
840 3231 969 3287 marubii
983 3234 993 3302 [1
1009 3236 1040 3285 1⁶
1051 3231 1118 3288 vino

105 3301 227 3372 optimo]
249 3303 328 3357 οἴνου
345 3303 478 3371 παλαιοῦ,
498 3303 531 3357 οὐ
550 3300 606 3372 μὴν
624 3301 695 3356 ἀλλὰ
713 3303 761 3356 καὶ
780 3299 887 3372 μέλιτος
905 3304 1043 3372 πρωτείου
1064 3305 1101 3358 Μ
1110 3305 1120 3375 ll

107 3380 140 3428 19
159 3375 240 3444 ysopi
254 3375 264 3442 ΙΙ
278 3379 313 3427 20
339 3374 422 3427 mista
440 3377 449 3443 u
468 3378 500 3427 21
517 3374 650 3458 prebebis
668 3375 678 3442 l
699 3380 732 3426 22
755 3374 835 3444 ysopi
849 3377 858 3442 l
872 3380 906 3428 23
931 3389 1041 3442 myrrae
1058 3375 1062 3446 Ι
1078 3375 1118 3429 la-

104 3444 177 3499 aaris
191 3446 201 3515 ΙΙ
215 3450 249 3499 24
268 3440 422 3513 δικοάμυου
440 3454 473 3514 υῡ
496 3465 512 3515 y
544 3443 575 3498 H
598 3446 661 3514 ll²⁶
685 3443 733 3514 opi
753 3446 757 3514 Ι
782 3445 906 3500 nasturci
929 3447 938 3515 ΙΙ
960 3449 995 3499 28
1017 3443 1118 3499 resaci-

106 3517 183 3571 cinm
197 3518 207 3587 Ι
221 3522 255 3570 29
275 3513 377 3570 callida

867 3602 904 3656 4*
