2558 3894
497 159 716 223 ..77-

92 319 168 381 oum
190 320 260 380 vino
278 321 396 398 peres,
420 325 475 381 aut
494 323 635 402 asparagi
653 322 799 383 silvestris
818 323 927 383 radicis
946 355 982 366 -
1003 323 1035 382 H
1055 321 1111 400 [et]

94 429 168 469 cnm
194 408 258 468 vini
285 410 394 470 veteris
417 413 489 470 sext.
518 430 540 470 s.
573 411 733 488 decoquito
766 411 805 470 ad
832 411 983 472 heminam
1006 415 1038 472 et
1060 432 1114 489 par

95 517 194 558 cornu
216 498 300 574 dat03
331 502 387 558 aut
415 501 538 576 panacis
567 500 677 561 radicis
707 499 892 560 semunciam
921 501 1051 562 conteris
1082 504 1113 562 et

94 605 167 647 cum
189 587 260 647 vino
283 587 362 648 dato.
404 606 481 648 sane
498 589 633 668 prodest,
661 591 698 649 ut
720 607 837 666 semper
859 588 945 651 sitiat
967 609 1022 651 nec
1044 591 1112 667 plu·

63 676 327 746 arimumbibat.

93 907 196 967 ΧΠΠ.
233 907 282 966 De
305 907 437 967 lumbis
461 911 496 968 et
519 909 559 968 de
582 908 732 1056 rebnibua
760 911 796 968 at
822 909 862 968 de
886 908 987 968 coxis
1011 911 1048 968 et
1071 909 1111 969 de

517 1016 609 1076 gam
637 1015 676 1056 rs.
795 1063 797 1067 ,

269 1119 526 1180 PELAGONIVS
548 1120 749 1182 cassiano
774 1119 850 1182 SVO
873 1121 942 1180 AIT

165 1243 341 1322 Oongruum
364 1247 410 1304 est
431 1248 469 1303 ut
490 1245 527 1304 de
549 1244 661 1304 lumbis
684 1248 716 1305 et
738 1244 774 1304 de
801 1246 923 1305 renibus
947 1244 1029 1322 apud
1052 1245 1179 1304 ola-216

51 1333 221 1393 raritatem
247 1336 334 1393 tuam
360 1351 459 1410 pauca
485 1334 627 1394 dicamus.
669 1333 790 1394 facilius
823 1334 902 1394 enim
935 1335 973 1393 ab
1001 1353 1035 1394 eo
1063 1333 1112 1394 vel

95 1422 288 1500 intellegitur
309 1423 359 1482 vel
385 1425 511 1482 curatur
539 1424 665 1502 animal,
694 1423 748 1500 qui
776 1424 950 1500 frequenter
980 1423 1112 1483 dolorem

96 1510 230 1570 sustinet
252 1510 388 1589 similem,
412 1512 543 1572 sicutte
566 1513 611 1572 ita
634 1513 839 1590 intellegimus
862 1514 893 1571 et
915 1512 1032 1570 nudum
1054 1512 1111 1569 fre-

97 1601 227 1677 quenter
247 1599 430 1676 inspeximus
448 1600 569 1660 renibus
588 1601 778 1660 dissolutum.
802 1600 913 1677 duplex
930 1619 1001 1678 ergo
1024 1599 1112 1659 bene-

95 1687 200 1749 ficium
218 1692 248 1748 te
267 1687 303 1748 de
322 1689 402 1748 curis
416 1689 483 1749 istis
496 1691 545 1750 vel
559 1690 595 1750 de
614 1688 737 1749 medelis
756 1689 900 1764 consequi
916 1687 1112 1748 manifestum

54 1795 83 1834 rs
99 1779 155 1854 est,
178 1780 215 1835 ut
236 1780 307 1837 tuos
329 1778 525 1838 medicamine
544 1777 693 1855 exquisito
713 1776 822 1838 solides
840 1777 958 1837 lumbos
981 1780 1020 1855 et,
1043 1796 1113 1837 cum

97 1867 171 1943 equi
191 1867 373 1945 vexaverint,
397 1867 503 1927 similis
527 1886 545 1926 a
568 1868 598 1926 te
622 1884 694 1926 eura
722 1885 756 1926 ac
784 1865 942 1946 diligentia
971 1866 1112 1943 praebea-

95 1959 158 2014 tur.
196 1955 267 2032 equi
288 1956 466 2034 plerumque
488 1955 607 2016 lumbos
631 1955 723 2017 nimio
751 1957 881 2033 pondere
909 1957 1035 2015 laedunt
1058 1959 1113 2014 aut

97 2045 124 2104 si
152 2044 265 2104 fossam
291 2045 530 2106 transcenderint
557 2047 588 2105 et
614 2045 794 2122 posteriores
826 2045 916 2122 pedes
947 2044 1112 2104 resederint

97 2137 155 2193 aut
180 2132 274 2193 nimio
306 2133 425 2212 frigore.
470 2138 543 2194 tunc
575 2153 625 2195 eos
657 2135 758 2195 curari
786 2133 834 2193 his
862 2133 1111 2194 medicaminibus

51 2239 82 2280 ao
96 2222 246 2300 convenit,
268 2225 305 2281 ut
327 2223 425 2283 calida
443 2223 539 2283 lumbi
561 2224 699 2302 rigentur
722 2223 899 2302 diutissime,
917 2222 1111 2284 unctionibus

95 2310 288 2372 calidissimis
310 2311 408 2370 utaris
431 2315 462 2372 et
483 2314 589 2389 postea
612 2313 753 2373 caustico.

165 2401 244 2460 Item
266 2401 292 2460 si
314 2400 445 2461 validius
473 2402 636 2480 doluerint,
664 2420 758 2462 venae
786 2400 822 2459 de
850 2399 1026 2477 inguinibus
1054 2400 1111 2458 sol·
1122 2403 1177 2461 217

95 2492 229 2572 vuntnr„
257 2493 330 2549 tuno
349 2490 426 2549 sales
445 2492 476 2550 et
494 2490 629 2569 axungia,
645 2493 676 2549 et
694 2490 795 2548 oleum
814 2487 954 2565 sanguini
973 2487 1027 2562 qui
1043 2506 1111 2562 pro-

95 2579 167 2638 fluit
180 2578 275 2637 mixta
292 2578 415 2638 renibus
429 2577 717 2655 superimponuntur
731 2579 771 2654 et,
790 2595 860 2635 cum
877 2592 995 2634 necesse
1009 2574 1111 2650 fuerit,

55 2682 82 2722 2⁵
96 2667 375 2744 cataplasmabitur.

166 2756 245 2816 Item
275 2755 302 2815 si
333 2776 438 2816 coxam
468 2756 591 2816 laeserit
622 2755 685 2814 sine
722 2753 858 2831 vulnere,
896 2751 1111 2828 synchrismate
1122 2756 1179 2812 218

96 2845 194 2904 uteris
208 2843 313 2905 diebus
327 2865 442 2906 novem.
475 2845 543 2904 inde
557 2845 649 2920 prout
662 2842 824 2920 profecerit
836 2861 917 2920 cura,
932 2840 1113 2919 aestimabis,

97 2937 129 2994 et
153 2933 179 2994 si
211 2952 330 3008 necasse
359 2934 466 3012 fuerit,
495 2937 526 2993 et
557 2933 592 2994 de
620 2931 796 3014 inguinibus
823 2951 915 2993 venae
947 2931 1112 2992 solvuntur.

96 3025 172 3083 tunc
187 3023 284 3082 calido
294 3023 490 3083 medicamine
500 3041 574 3082 coxa
588 3025 718 3100 cunctim,
732 3022 764 3080 id
774 3022 819 3080 est
829 3017 1113 3098 euphorbii-HII,

173 3250 269 3299 lcum
288 3245 367 3316 vino]
386 3243 456 3315 μετὰ
480 3245 560 3300 οἴνου
583 3241 621 3310 ξὲ.
647 3243 691 3300 ua'
712 3244 776 3299 ΗΡ
786 3245 826 3313 113
846 3243 935 3312 εθὶιῖΙΙ
959 3249 975 3297 6
1005 3241 1115 3314 cessisti

99 3321 132 3370 11
148 3315 342 3386 intelligiturfl
357 3322 390 3370 12
403 3317 542 3370 substinet
557 3317 563 3379 l
578 3315 764 3384 intelligimus
778 3318 788 3385 fl
803 3319 836 3368 14
850 3313 980 3370 medellis
994 3316 1003 3384 ΙΙ
1018 3318 1051 3368 16
1071 3329 1114 3366 so-

96 3386 181 3454 lidet!
197 3392 229 3442 16
247 3388 422 3457 prebeaturss
438 3391 470 3442 17
489 3386 611 3454 leduntss
626 3391 659 3440 18
678 3385 884 3441 trascenderint
902 3389 913 3456 l
931 3391 965 3439 20
991 3383 1094 3439 callida
1105 3383 1115 3454 l}

98 3465 134 3512 22
160 3473 232 3512 uene
250 3462 260 3527 n
278 3463 313 3512 24
336 3459 414 3513 misti
436 3461 446 3526 ΙΙ
468 3464 503 3513 26
521 3456 648 3528 laeserit]
678 3457 702 3511 si
729 3455 832 3511 lauerit
859 3457 887 3511 R
926 3453 1115 3510 stimulauerit

97 3529 195 3586 Sara.
209 3531 220 3598 fl
237 3535 272 3584 27
295 3529 437 3600 proficerit
450 3530 460 3598 ΙΙ
474 3527 624 3585 extimabis
637 3529 648 3597 ss
661 3533 695 3582 29
715 3525 825 3582 euforbi
