2554 3900
554 163 772 226 ..60-

94 331 151 386 131
229 328 330 388 Aliud.
381 327 515 386 merdam
546 327 713 403 leporinam
744 344 813 386 cum
849 345 957 386 novem
988 327 1171 387 coclearibus

160 419 258 478 mellis
281 421 312 476 61
335 416 506 493 quindecim
528 415 631 494 granis
652 414 765 491 piperis
787 414 820 472 in
841 414 985 476 mortario
1009 435 1080 475 cum
1104 435 1172 475 suco

161 509 197 568 dc
220 506 357 568 coliculis
379 505 494 582 pariter
515 504 606 564 terito
630 507 661 562 et
682 523 737 580 per
758 522 852 563 cornu
874 503 954 563 dato.
991 503 1061 563 inde
1085 505 1176 566 cassi

159 596 259 656 terina
281 595 404 654 lamella
427 613 532 652 aurem
554 592 707 652 sinistram
728 591 903 668 pertundite
926 596 958 652 et
979 592 1085 671 ligato.

92 686 150 741 leo
226 684 327 744 Aliud.
365 684 444 743 talos
463 682 577 759 suillos,
600 684 702 740 tamen
720 681 774 757 qui
793 681 913 741 dentem
929 683 1099 741 humanum
1117 693 1207 742 non5

160 773 331 852 tetigerint,
359 776 421 831 tres
452 770 621 831 comburito
648 773 679 829 et
710 789 779 830 cum
809 770 874 829 vini
905 771 1026 831 hemina
1054 774 1085 830 et
1118 771 1175 830 olei

160 863 340 920 tantundem
361 861 516 937 potionem
538 858 631 918 dabis.

94 951 149 1007 131
227 949 328 1008 Aliud.
367 949 393 1008 si
415 951 530 1008 stercus
552 948 755 1027 gallinaceum
777 949 1017 1026 manducaverit,
1045 949 1110 1025 apii
1132 969 1174 1008 se·

158 1038 248 1098 minis
272 1039 396 1115 cyathos
417 1038 447 1095 V
469 1057 539 1097 cum
560 1037 624 1096 vini
647 1039 719 1096 sext.
744 1040 775 1096 et
796 1037 895 1096 mellis
919 1039 995 1097 hem.
1019 1038 1175 1113 potionem

159 1128 245 1188 dabis
268 1129 299 1188 61
321 1127 488 1186 inambulet
510 1126 641 1204 tamdiu,
671 1125 817 1202 quamdiu
843 1125 927 1202 potio
950 1130 1086 1187 ventrem
1113 1147 1174 1188 mo·
1187 1137 1208 1176 1⁰

158 1221 236 1278 veut.
285 1236 356 1276 sanc
383 1217 410 1274 si
438 1235 456 1274 a
483 1215 585 1275 dolore
613 1218 644 1274 61
671 1215 861 1275 obroboratio
889 1215 983 1275 fuerIt
1006 1215 1173 1293 subsecuta

158 1307 248 1367 bacas
285 1305 378 1383 lauri,
416 1299 532 1380 (nitri)
569 1304 665 1382 selib,
702 1302 781 1363 aceti
817 1306 888 1363 sext.
926 1304 969 1382 Π,
1007 1305 1066 1365 6161
1103 1308 1172 1364 sext.

158 1417 212 1473 per
241 1395 378 1454 triduum
410 1393 442 1450 in
473 1393 571 1453 calido
607 1393 673 1453 loeo
705 1411 862 1471 perunges,
918 1392 1084 1452 certissima
1116 1413 1173 1452 me·

159 1486 227 1545 dela
250 1488 303 1545 est.

95 1573 153 1629 138
229 1573 324 1633 Aliud
348 1571 488 1648 apopiras
510 1571 676 1648 physIoum.
714 1569 739 1629 si
767 1572 881 1629 stercus
905 1568 951 1644 [in
979 1570 1039 1630 alio
1068 1570 1123 1630 sic:
1146 1573 1207 1629 6115

162 1663 236 1721 muli
259 1660 380 1740 granati
399 1660 540 1722 corticem
558 1661 590 1719 in
604 1659 673 1719 h'cio
688 1659 850 1735 suspendes
869 1659 971 1718 ethos
990 1659 1174 1719 caractheres

162 1751 255 1810 facies
278 1751 310 1808 in
333 1751 439 1808 cartha
460 1769 538 1826 pura
561 1753 592 1809 et
615 1748 769 1809 combures
793 1750 823 1807 61
845 1746 946 1807 bibere
969 1747 1055 1807 dabis
1079 1751 1110 1807 61
1132 1768 1174 1807 re·

163 1838 266 1897 siduos
296 1838 481 1898 caractheres
515 1857 585 1898 sane
619 1857 680 1899 non
711 1837 828 1914 inuenI,
861 1837 988 1912 scriptos
1016 1836 1049 1896 in
1077 1837 1174 1896 codiee

162 1926 207 1985 hii
230 1927 320 1984 erunt
341 1924 527 2000 requIrendi]
556 1927 757 2002 gallinaceum
784 1925 958 2003 comederit,
985 1927 1106 2002 pullum
1128 1925 1174 1986 vel

163 2014 311 2093 gallinam
325 2013 420 2072 occidi
433 2013 525 2072 facies
539 2015 570 2072 61
583 2016 718 2074 ventrem
731 2014 827 2090 ipsius
841 2016 891 2074 vel
903 2013 1035 2094 gallinae
1049 2015 1173 2076 crudum
1185 2025 1206 2063 ²⁰

163 2123 233 2163 cum
260 2106 389 2161 stercore
422 2121 499 2177 equo
530 2101 580 2161 vel
610 2103 710 2161 mulae
747 2103 952 2164 devorandum
982 2104 1082 2180 dabis3
1113 2105 1172 2180 aut,

163 2193 245 2269 quod
267 2191 366 2250 maius
389 2193 443 2269 est,
467 2190 557 2267 cyphi
580 2209 648 2250 oum
666 2191 736 2253 vino
755 2192 848 2270 dabis,
871 2192 975 2252 eadem
992 2194 1068 2253 hora
1091 2211 1172 2252 sana·

161 2281 267 2427 111ιέτί
282 2283 337 2338 ant
359 2279 486 2340 lixivum
508 2279 645 2356 tepidum
667 2299 736 2341 eum
764 2281 830 2341 oleo
858 2281 997 2340 faucibus
1024 2282 1171 2341 infundes:

161 2389 209 2429 me
231 2389 247 2428 6
268 2368 338 2428 itur.

227 2621 310 2680 VIII.
333 2620 386 2678 Ad
410 2637 467 2679 eos
492 2619 645 2695 quinon
667 2618 802 2678 meiant
826 2621 861 2677 et
886 2619 1043 2678 remedia
1066 2621 1110 2678 ad
1182 2625 1201 2666 2⁵

569 2707 763 2782 dysnriam.

382 2827 638 2889 PELAGONIVS
661 2830 862 2890 FESTIANO
885 2831 954 2890 ΑΙΤ

94 2951 151 3007 131)
227 2953 319 3011 Multi
338 2951 448 3028 quibus
468 2953 549 3011 cordi
568 2956 614 3011 est
627 2954 765 3015 educatio
780 2955 828 3015 vel
847 2975 920 3015 cura
933 2955 1051 3034 generis
1066 2955 1173 3033 equini,

160 3041 401 3118 frequentissime
425 3040 532 3100 erroris
560 3041 690 3102 subeunt
717 3046 844 3120 eulpam.
891 3064 962 3104 nam
985 3064 1054 3105 oum
1082 3062 1173 3121 equus

160 3131 209 3190 vel
231 3130 316 3189 aliud
338 3148 433 3208 genus
456 3129 595 3189 animalis
617 3131 741 3207 dysuria
759 3136 887 3192 uexatur
909 3137 940 3193 61
961 3133 1090 3193 maxime
1112 3152 1173 3192 suo·
1186 3141 1207 3181 ³⁰

201 3386 207 3397 '
232 3323 249 3370 3
269 3316 335 3372 inde
350 3316 459 3373 Sarnb:
477 3317 606 3404 1611115
625 3320 699 3374 talus
713 3322 723 3391 1
737 3326 753 3376 6
768 3320 907 3376 coffiurito
922 3323 961 3392 118
975 3319 1173 3402 gallinacium!

159 3403 324 3541 otissa
337 3388 1176 3534 11116111.11111111111

162 3535 196 3582 22
216 3530 303 3600 cyph1
322 3547 385 3584 cum
403 3533 516 3600 scripsi:
535 3532 672 3585 caefinum
689 3533 717 3586 R
730 3535 740 3600 I
754 3538 788 3586 25
807 3533 932 3588 remedia
