2554 3900
541 133 764 199 „34..

146 302 203 361 aut
230 293 312 378 <si>,
342 311 412 357 cum
438 296 492 356 diu
519 295 671 374 steterint,
701 295 801 356 subito
832 295 870 355 ad
900 314 1023 357 cursum
1051 299 1166 360 fuerint

145 387 309 467 stimulati,
340 388 395 447 aut
421 384 447 445 si
475 404 530 446 suo
557 387 690 462 tempore
712 385 833 444 urinam
859 404 919 446 non
941 385 1081 467 fecerint,
1111 392 1167 448 aut

145 478 289 538 sudantes
308 478 339 536 et
357 495 376 535 a
393 474 593 536 concitatione
612 473 716 534 stetim
732 472 871 533 biberint.
904 474 1015 552 quibus
1033 477 1167 537 remedia

145 568 219 627 haee
249 584 268 625 a
296 563 461 625 maioribus
490 562 638 641 profuisse
668 562 838 639 accepimus
867 564 899 622 et
924 563 1070 624 facientes
1097 585 1166 626 nos-

145 655 267 731 metipsi
290 652 405 731 experti
427 671 540 711 sumus.
1196 669 1208 708 s

117 755 136 810 5
212 744 262 802 Ad
280 762 398 804 omnem
414 741 561 820 morbum,
581 739 730 802 Gallicani
747 736 821 801 U
840 737 921 801 coifi.
958 744 991 802 to
1010 741 1168 818 diapente:

145 832 319 912 gentianae,
348 830 571 908 aristolochiae,
595 826 737 889 bacarum
759 829 852 909 lauri,
879 849 1013 909 murrae,
1040 849 1168 892 rasurae

145 920 251 982 eboris.
298 919 399 981 omnia
424 920 499 980 haec
527 918 632 996 aequis
654 918 836 995 ponderibus
865 921 957 978 tunsa
979 922 1011 980 et
1032 919 1169 982 cribrata

146 1010 321 1069 adunantur
343 1011 374 1070 et
395 1008 498 1086 pulvis
521 1008 675 1070 confectus
696 1007 856 1084 reponitur
877 1010 908 1068 et
930 1007 963 1068 in
985 1009 1169 1070 necessitate

145 1098 299 1176 profertur
321 1101 352 1158 et
374 1098 465 1158 datur
488 1097 543 1157 sic:
566 1098 698 1157 cocleare
721 1096 834 1174 grande
856 1096 981 1174 plenum
998 1097 1069 1158 vino
1087 1099 1167 1158 mix·
1184 1116 1210 1155 ro

145 1190 213 1247 tum
234 1187 373 1248 faucibus
395 1186 505 1248 cotidie
527 1185 660 1264 infunde,
684 1204 753 1245 cum
775 1185 977 1246 necessarium
994 1186 1060 1247 erit.
1102 1206 1170 1248 cer-

146 1278 281 1337 tissimus
305 1277 336 1336 et
359 1275 501 1335 salutaris
524 1274 625 1351 pulvis
648 1276 701 1333 est.

119 1377 139 1433 a
214 1366 264 1445 Ad
280 1364 427 1442 morbum,
450 1363 548 1423 Litori
565 1363 771 1423 Beneventani
792 1359 817 1428 a.
837 1361 865 1424 i.
907 1364 1005 1440 primo
1024 1364 1167 1440 depecte-

145 1455 258 1514 randus
282 1456 339 1532 est,
368 1451 475 1512 deinde
497 1452 577 1511 inter
598 1469 687 1511 coxas
711 1451 874 1529 deplendus
898 1455 957 1531 est,
980 1453 1032 1513 sed
1056 1450 1112 1530 [et]
1138 1456 1168 1514 si

145 1543 307 1604 necessitas
330 1541 434 1620 luerit,
458 1543 489 1601 et
511 1539 770 1617 detemporandus.
816 1541 918 1602 cibum
944 1541 1064 1603 debebit
1086 1543 1167 1602 acci·
1183 1558 1209 1599 rc

145 1652 215 1709 pere
238 1632 438 1708 multiplicem
460 1630 492 1690 id
515 1632 560 1690 est
581 1629 685 1691 hordei
712 1629 855 1709 farinam,
884 1630 1006 1690 seminis
1032 1630 1168 1692 farinam

146 1721 177 1779 id
200 1723 246 1779 est
268 1722 316 1780 far
339 1721 525 1798 cantabrum,
547 1718 630 1779 faeni
648 1718 805 1779 modicum.
848 1722 879 1779 et
900 1719 1169 1796 faciespotionem

145 1808 326 1885 huiusmodi,
346 1827 438 1884 quam
457 1808 541 1867 dabis
560 1827 615 1884 per
630 1826 731 1868 nares:
750 1810 950 1887 centauream,
969 1808 1169 1889 absinthium,

145 1895 353 1974 peucedanum
371 1896 476 1971 aequis
494 1895 676 1971 ponderibus
695 1895 836 1973 decoquis
857 1896 890 1955 in
908 1896 978 1957 vino
1002 1897 1169 1958 sufficienti

146 1986 178 2046 et
200 1982 284 2043 dabis
307 2003 361 2060 per
383 2001 478 2042 nares.
1183 2003 1209 2042 ao

120 2084 135 2139 7
212 2072 291 2132 Item
317 2071 409 2131 aliud.
456 2089 644 2131 cucumerem
671 2073 843 2134 silvaticum
869 2073 942 2134 teris
972 2077 1028 2132 aut
1049 2074 1168 2136 radices

146 2161 242 2239 ipsius
265 2160 424 2222 contundis
448 2162 479 2220 et
501 2160 597 2220 cernis
620 2162 651 2220 et
678 2179 747 2221 cnm
768 2163 832 2224 vini
855 2162 992 2223 sextariis
1014 2163 1062 2222 HI
1084 2183 1167 2224 com-

145 2250 252 2311 misces
285 2252 316 2310 et
346 2249 419 2308 nitri
450 2249 517 2308 triti
549 2252 580 2309 et
607 2249 681 2310 creti
708 2270 774 2311 unc.
803 2253 899 2312 semis.
945 2253 1036 2312 simul
1063 2253 1168 2314 omnia

146 2339 308 2418 diligenter
333 2338 406 2398 teris
434 2341 466 2398 et
492 2338 561 2398 inde
588 2339 727 2416 potiones
755 2340 860 2400 diebus
891 2341 1032 2418 quinque.
1078 2361 1166 2419 prae·

145 2432 229 2490 terea
250 2429 406 2506 pulverem
428 2429 465 2488 de
487 2427 637 2488 radicibus
656 2429 821 2489 cucumeris
843 2429 974 2490 silvatici
991 2431 1041 2491 vel
1063 2431 1167 2507 ipsum
1182 2445 1207 2486 as

146 2539 335 2580 cucumerem
360 2518 470 2578 tritum
496 2518 528 2578 in
555 2538 667 2594 aquam
693 2517 804 2595 mittis,
837 2537 929 2594 quam
958 2521 1087 2595 poturus
1118 2521 1166 2580 est

147 2610 201 2686 qui
222 2609 341 2686 petitur
362 2609 508 2670 morbum.

118 2707 137 2762 8
212 2698 290 2758 Item
312 2697 413 2773 pulvis
438 2695 544 2772 Optati
566 2696 678 2756 faciens
706 2695 745 2755 ad
771 2694 909 2756 morbum
937 2696 1030 2756 etad
1053 2697 1163 2757 omnia.

146 2784 256 2842 libram
287 2784 396 2843 herbae
427 2783 574 2860 Sabinae,
606 2784 764 2862 trixaginis
802 2803 870 2844 unc.
894 2784 954 2864 HI,
983 2787 1165 2846 centaureae

147 2889 214 2930 unc.
237 2871 281 2948 H,
314 2870 524 2931 aristolochiae
556 2888 623 2931 unc.
647 2871 722 2948 IlII,
749 2872 893 2933 bacarum
928 2874 1009 2934 lauri
1030 2892 1098 2934 unc.
1123 2874 1165 2954 Π,
1179 2889 1205 2928 ³⁰

147 2977 267 3018 murrae
304 2976 371 3017 une.
407 2957 481 3016 IIII:
522 2959 622 3017 omnia
661 2959 825 3019 contundes
865 2965 896 3021 et
932 2982 1032 3024 cernes
1065 2965 1097 3022 et
1132 2964 1166 3022 in
1263 2987 1264 2997 ¹

219 3151 234 3197 1
254 3144 279 3198 ai
297 3146 409 3200 addidit
427 3144 522 3200 Sarcb.
536 3144 576 3214 116
594 3151 657 3206 Π
675 3149 752 3201 cohi.
770 3147 801 3201 to
820 3147 953 3218 diapente
972 3150 1084 3218 scripsi:
1107 3154 1166 3204 und

147 3219 217 3271 coni
235 3215 328 3271 stedia
345 3218 431 3286 pente
444 3218 483 3286 12
501 3233 611 3286 myrrae
624 3219 664 3288 l⁹
682 3216 822 3274 adunatur
835 3220 845 3288 l
860 3223 892 3273 11
912 3220 1021 3275 niciam
1035 3222 1045 3292 Ι
1060 3225 1093 3274 13
1107 3219 1165 3276 Be-

145 3286 298 3341 neventani
311 3303 333 3342 c.
348 3303 376 3344 v.
393 3287 506 3356 scripsi:
525 3289 770 3361 beneuentanicuu
785 3296 818 3344 lt
837 3289 1018 3363 multiplicet
1034 3297 1065 3347 17
1080 3292 1140 3346 feni
1161 3291 1166 3364 Ι

149 3363 182 3412 18
193 3356 344 3413 absintium
359 3361 369 3426 fl
384 3364 416 3414 12
427 3359 506 3427 equis
520 3360 529 3427 ΙΙ
543 3366 576 3414 22
587 3362 741 3417 contundes
758 3372 762 3414 Ι
779 3361 915 3417 sextarios
931 3367 936 3432 Ι
953 3362 990 3418 ΙΙΙ
1000 3362 1029 3417 Β
1054 3361 1164 3434 εἨΡΙ

146 3435 181 3484 23
196 3433 256 3485 unt.
273 3428 369 3503 semia]
381 3430 494 3501 esyysaa
508 3429 537 3497 ἓξ
551 3432 587 3488 H
606 3433 722 3502 οὐγκίας
736 3431 765 3500 ἔξ
780 3433 828 3502 Pil
841 3440 876 3488 24
891 3439 1018 3504 praterea
1031 3434 1042 3504 ΙΙ
1055 3439 1089 3488 25
1105 3433 1164 3488 aal-

146 3499 236 3557 uatici
248 3505 259 3572 Ι
272 3505 307 3557 ts
325 3502 487 3574 trexogonis
501 3506 510 3573 ΙΙ
524 3509 558 3559 30
577 3503 724 3559 baccarum
738 3507 748 3575 Ι
762 3511 795 3560 31
815 3520 926 3574 myrrae
