2554 3900
530 170 729 234 -η-

116 338 271 414 Apsyrtus
300 336 339 394 ad
366 334 576 410 Asclepiadem
600 333 711 393 librum
735 336 790 394 aut
815 335 916 395 totum
938 337 993 393 aut
1015 337 1135 410 partem

116 427 184 485 eius
207 425 291 484 misit
301 416 344 505 ¹).¹
373 423 451 482 liber
470 425 573 482 autem
591 423 776 498 compositus
791 426 837 482 est
855 442 892 481 ex
909 423 1047 499 epistulis
1066 424 1134 500 plu-

114 515 202 574 rimis
219 514 256 572 de
271 512 383 573 morbis
397 512 537 589 curisque
553 531 700 589 equorum
713 511 752 569 ad
769 512 869 572 varios
890 512 1026 572 homines
1043 512 1133 590 detis,

115 605 225 680 postea
247 602 279 660 in
302 620 398 660 unum
421 595 631 678 coniunctis2).
670 600 775 658 eadem
796 600 914 659 ratione
932 600 1134 678 Pelagoniam

115 711 172 768 per
195 691 343 768 epistulas
365 708 414 748 res
431 689 628 750 veterinarias
652 693 845 765 persecutum
868 708 933 748 esse
955 689 1133 750 videbimus.

184 780 231 838 Ex
240 778 391 855 prioribus
401 778 553 855 Apsyrtos
563 798 658 836 uuum
668 778 775 837 laudat
784 779 947 837 Eumelum
957 778 1134 838 Thebanum

117 867 368 928 mulomedicum:
395 888 423 944 p.
446 870 485 926 12
511 863 551 938 ὡς
574 864 757 947 εἴρηταικαὶ
780 864 912 952 Εὐμήλῳ
935 871 975 952 τῷ
1001 867 1134 952 Θηβαίῳ,

115 979 145 1035 p.
166 959 208 1016 38
227 955 340 1038 εἴρηται
359 951 391 1015 δὲ
409 953 459 1015 καί
477 953 609 1039 Εὐμήλῳ
629 955 775 1038 ίππιατρῷ
795 951 881 1034 (etp
903 959 958 1032 39;
979 956 1133 1017 Hierocles

115 1067 145 1122 p.
168 1048 217 1106 15.
243 1048 285 1105 40
309 1065 346 1105 ex
368 1039 526 1124 Apsyrto).
567 1048 637 1121 post
661 1043 858 1104 Columellam
886 1064 956 1104 eum
979 1046 1134 1122 scripsisse

115 1153 154 1194 er
177 1135 260 1194 hisce
280 1153 356 1212 quos
379 1133 494 1193 subicio
513 1134 587 1193 locis
606 1134 686 1194 inter
709 1153 740 1193 se
759 1134 941 1211 comparatis
964 1133 1133 1212 intelleges.

161 1258 225 1318 eol.
254 1258 299 1317 VI
327 1259 383 1335 30,
414 1261 432 1318 6
469 1260 496 1318 si
528 1275 598 1331 equo
697 1258 844 1317 Eumelus
867 1257 958 1334 Hipp.
983 1260 1024 1318 63
1058 1256 1133 1338 πρὸς

115 1349 256 1408 maculae
278 1348 381 1414 ἀοίοννί,
407 1347 502 1407 calido
520 1351 598 1406 aena
652 1345 777 1426 γνάθων
804 1343 900 1407 πόνον
927 1344 978 1406 καὶ
1004 1350 1134 1427 φλεγμο-

115 1437 258 1511 sovmdae
289 1441 315 1496 et
346 1438 476 1510 muncia
506 1440 599 1495 uetere
653 1433 719 1512 νήν.
751 1433 811 1507 ὄξει
828 1439 931 1519 θερμῷ
950 1433 1001 1494 καί
1018 1439 1133 1519 παλαιῷ

116 1526 325 1600 confricandae
351 1529 420 1584 sunt
447 1526 599 1599 eademqne
653 1521 799 1608 ἆξουγγίῳ
826 1523 919 1603 πυρία
945 1521 996 1582 καί
1023 1522 1050 1582 εί
1071 1520 1135 1582 ἐπι-

115 1616 262 1674 medicina
302 1616 476 1674 tumentibus
517 1614 598 1674 aethi-
653 1609 737 1690 με’νοι
761 1608 777 1670 ὁ
800 1609 893 1682 πόνος
907 1608 1027 1671 ἕπίκαιε.
1055 1609 1087 1673 τὸ
1103 1609 1135 1672 δὲ

115 1705 212 1764 benaa
235 1707 282 1763 est.
654 1698 725 1760 αὐτὸ
740 1698 885 1778 βοήθημα
903 1697 1045 1781 καὶπρὸς
1065 1705 1135 1778 φλε-

652 1785 766 1868 γμονὰς
784 1787 1007 1870 προσαγόμενον
1021 1785 1135 1868 ὠφελεῖ.

162 1878 207 1938 VI
231 1881 287 1956 30,
307 1881 335 1938 8.
361 1881 379 1938 9
413 1883 444 1937 at
475 1880 502 1937 si
534 1879 600 1937 bitis
698 1879 814 1938 Eumol.
825 1878 988 1956 Hippana
1000 1876 1135 1959 ἐπαχθὴς

117 1970 238 2028 neotesta
267 1973 308 2028 cst
333 1970 473 2035 tumente,
502 1970 600 2026 uenter
653 1964 723 2045 χολή
752 1965 801 2026 διὰ
831 1975 883 2046 τής
911 1965 985 2027 κατὰ
1010 1966 1135 2048 γαστέρα

115 2060 281 2117 intumescit
301 2075 353 2116 nec
376 2058 476 2116 emittit
492 2060 598 2115 uentos.
653 2060 823 2137 φλεγμονῆς
838 2055 1071 2136 διαγινώσκεται·
1088 2057 1138 2117 δεῖ

117 2165 226 2207 manus
252 2150 341 2205 uncta
367 2147 507 2204 inserita
534 2146 599 2205 οίνο
653 2145 757 2205 τοίνυν
780 2142 961 2224 ἐμβάλλοντα
979 2143 1034 2222 τήν
1052 2150 1134 2226 χεῖρα

117 2241 145 2295 et
179 2236 287 2295 obsessi
321 2235 472 2294 naturales
508 2235 600 2293 cuitus
654 2232 708 2310 τὴν
726 2231 840 2312 κόπρον
858 2231 996 2312 ἀφέλκειν
1015 2231 1070 2306 ἔξω
1084 2232 1135 2294 καὶ

117 2325 598 2398 adaperiuntureuemptoquester-
654 2320 723 2400 μετὰ
746 2331 837 2382 ταῦτα
865 2319 1004 2403 ὀρίγανον
1028 2320 1135 2403 ἀγρίαν

117 2431 183 2473 core
199 2416 303 2486 postea
327 2413 425 2472 οιικιλο
447 2412 556 2472 wenta
574 2415 601 2470 et
653 2408 703 2470 καί
735 2408 948 2490 ἀγριοσταφίδα
980 2408 1029 2470 καὶ
1061 2410 1135 2482 arag

117 2503 208 2561 herba
233 2502 416 2576 pedicularis
443 2518 509 2560 cum
538 2502 599 2560 sale
653 2497 759 2559 λεπτὸν
782 2497 853 2576 μετὰ
876 2496 989 2576 μέλιτος
1013 2494 1135 2576 ήψημέ-

117 2593 189 2651 trita
208 2595 234 2650 et
251 2593 365 2650 decocta
382 2590 460 2648 metti
478 2591 597 2648 miscen-
653 2608 709 2647 νον
724 2585 806 2665 μίξαι
819 2584 870 2644 καὶ
887 2582 1055 2663 ποιήσαντα
1068 2591 1135 2646 κολ-

117 2684 167 2738 tur
190 2684 274 2752 οίηνο
301 2682 344 2738 ita
369 2679 451 2752 sacta
478 2678 599 2752 collyria
653 2675 740 2757 λύρια
771 2672 916 2754 ἐμβαλεῖν.
967 2683 1053 2735 τοῦτο
1085 2675 1136 2737 καί

118 2829 323 2896 dicant31udos
338 2829 508 2885 Sarmaticos
518 2829 708 2884 Mommsenue
718 2827 793 2881 CIL.
809 2827 821 2879 I
835 2845 862 2897 p.
873 2833 925 2882 407
941 2828 977 2882 ad
988 2828 1135 2884 victoriam

118 2918 138 2956 a
152 2901 336 2957 Constantino
351 2901 386 2955 de
401 2899 537 2956 Sarmatis
552 2916 577 2953 a
593 2906 645 2954 332
659 2899 833 2968 reportatam
847 2899 947 2966 refert,
966 2900 1001 2954 ad
1016 2900 1135 2956 eandem

117 2971 234 3028 titulum
254 2971 327 3027 CIL.
347 2973 386 3026 111
405 2978 471 3038 733,
490 2971 539 3025 ubi
555 2970 620 3025 vide
639 2969 782 3024 adnotata.

193 3047 218 3108 1)
238 3043 322 3112 Hipp.
342 3048 400 3112 p.1
428 3040 641 3111 ἀντιταξάμενος
664 3036 715 3095 οὖν
737 3048 826 3095 ταῦτα
849 3039 898 3094 καί
921 3039 957 3094 τὰ
974 3041 1045 3111 πρὸς
1062 3043 1136 3097 αὐτὰ

119 3113 292 3184 βοηθήματα
305 3121 465 3183 προσφωνεῖν
480 3129 533 3179 σοι,
548 3114 662 3182 φίλτατε
673 3109 867 3180 Ἀσκληπιάδη,
881 3120 962 3166 τοῦτο
977 3112 1008 3166 τὸ
1019 3113 1136 3184 βιβλίον,

119 3185 181 3241 ὄντι
200 3204 249 3255 μοι
266 3187 364 3254 πολίτη
383 3182 432 3239 καί
452 3181 537 3256 ίατρῷ
557 3185 682 3255 μεγίστῳ.
719 3183 879 3236 numidam
898 3183 936 3236 sit
954 3185 1136 3253 Asclepiades

119 3277 148 3327 p.
165 3262 216 3312 1³3
236 3255 333 3311 dubito
354 3254 472 3325 (Miller,
491 3255 557 3309 Not.
577 3259 607 3310 et
625 3253 742 3310 extruite
761 3252 827 3307 XXI
845 3258 861 3307 2
880 3258 995 3323 plot).

192 3329 221 3397 2)
239 3326 273 3381 In
291 3326 412 3396 epistula
430 3325 467 3380 ad
485 3325 640 3380 Achaicum
656 3325 808 3379 Nicaenum
828 3325 896 3379 data
914 3344 940 3394 p.
956 3331 990 3380 39
1009 3324 1072 3395 ipse
1090 3343 1135 3381 re-

120 3401 207 3455 vocat
229 3400 266 3452 ad
289 3399 410 3467 priorem
433 3414 512 3452 suam
536 3397 689 3466 epistulam
712 3395 759 3466 (ὡς
782 3393 935 3465 εἰρήκαμεν
959 3391 991 3450 ἐν
1014 3403 1047 3467 τῇ
1066 3397 1136 3467 πρὸς

120 3469 268 3524 Πούπλιον
294 3466 435 3538 Οόοίρονα
454 3463 608 3539 ἐπιστολῇ),
627 3468 677 3522 ubi
695 3472 732 3536 (p.
752 3468 798 3536 37)
821 3467 874 3521 viri
892 3484 995 3522 nomen
1013 3467 1136 3520 traditur

120 3541 175 3596 hoe
196 3539 336 3611 Τορόνιος
354 3537 463 3610 capes.
