2554 3900
513 169 730 235 „35-

112 335 270 412 pulverem
296 333 534 394 minutissimum
566 320 678 414 redigis
705 337 748 414 et,
776 354 846 395 cum
872 354 990 397 necesse
1023 337 1129 415 fuerit,

114 423 249 484 cocleare
280 441 377 482 unum
414 423 527 502 grande
560 422 686 500 plenum
717 443 787 484 cum
819 424 883 485 vini
907 425 1036 487 sextario
1059 426 1127 486 fau-

111 512 198 573 cibus
220 511 363 571 infundis.

178 601 257 661 Item
279 600 364 659 aliud
386 601 425 661 ad
446 601 593 680 morbum,
617 601 737 678 Caystri
757 601 852 663 Siculi
873 603 1039 682 mangonis.
1079 623 1127 664 ra-
1154 604 1174 658 b

79 691 193 750 edices
215 689 299 749 ebuli
321 692 352 750 et
372 689 489 750 radices
506 691 622 751 urticae
641 690 746 767 aequis
763 692 946 768 ponderibus
963 692 1129 769 liquamine

109 779 228 839 infusas
247 778 279 836 in
296 797 470 838 mensuram
487 779 582 838 trium
599 799 726 841 ovorum
738 779 840 840 triduo
857 780 1006 842 infundes,
1036 781 1128 842 facies

109 868 180 928 inde
204 868 338 928 colatum
359 887 414 945 per
439 867 612 949 linteolum,
640 868 765 929 naribus
791 888 932 930 mensura
960 869 1052 930 unius
1080 871 1129 932 ovi

107 957 214 1016 mittes
235 974 291 1033 per
311 956 455 1016 triduum.

177 1044 256 1105 Item
283 1045 368 1105 aliud
399 1045 438 1105 ad
468 1045 608 1108 morbum
637 1047 837 1108 articularem.
883 1048 1062 1127 sanguinem
1091 1047 1177 1107 (1610

67 1149 97 1190 ro
110 1134 252 1196 omnibus
284 1134 420 1194 articulis
454 1135 604 1196 detrahito
632 1140 664 1196 ot
692 1136 754 1197 vite
788 1137 859 1197 alba
892 1137 1036 1197 articulos
1072 1137 1128 1196 cir-

109 1223 253 1284 cumdato
286 1225 317 1283 et
347 1223 413 1300 pice
444 1223 562 1301 liquida
594 1225 738 1286 articulos
774 1226 887 1286 circum
917 1225 1061 1305 unguite,
1097 1228 1129 1284 et

108 1313 285 1390 frequenter
306 1311 479 1372 deambulet
501 1316 532 1374 et
554 1313 620 1375 cibo
644 1313 807 1392 abstinet03
836 1315 941 1375 hordei
968 1332 1038 1373 sane
1061 1313 1128 1371 triti

109 1403 142 1461 et
166 1400 289 1461 cribrati
311 1400 416 1461 mittas
439 1394 614 1485 sext(arios)
638 1403 700 1462 IIII
718 1423 788 1464 cum
805 1421 962 1463 cucumere
981 1401 1127 1462 silvatico.

109 1490 185 1549 satis
210 1489 339 1566 prodest.

64 1593 93 1634 15
176 1578 225 1637 Ad
243 1578 382 1639 morbum
398 1579 523 1658 regium
559 1579 748 1658 intellegitur
765 1582 869 1640 autem
886 1579 1008 1640 morbus
1025 1577 1174 1657 reginsll

109 1665 180 1744 [sic]
205 1686 241 1727 61
263 1667 358 1728 oculis
380 1669 430 1729 rel
452 1669 588 1744 maxime,
611 1687 683 1726 nam
702 1671 758 1727 aut
780 1667 937 1744 sulphurei
959 1670 1015 1726 aut
1036 1667 1127 1726 felliti

108 1756 273 1817 admodum
299 1759 378 1816 sunt.
424 1757 498 1816 haec
524 1757 668 1817 valetudo
694 1757 743 1816 rel
770 1775 862 1816 causa
888 1757 985 1816 morbi
1012 1777 1049 1818 ex
1075 1756 1126 1816 ab·

106 1844 259 1905 undantia
281 1845 362 1904 fellis
384 1863 603 1921 nonnunquam
621 1845 728 1905 evenit.
770 1846 889 1906 curabis
908 1845 963 1906 sic:
986 1847 1127 1925 asparagi

108 1933 241 1994 silvatici
266 1934 398 1996 radicem
425 1934 590 1994 contundes
617 1937 648 1994 et
674 1934 707 1993 11
734 1954 831 2012 aquae
858 1935 1001 2015 congium
1029 1935 1126 1995 mittis

63 2041 92 2080 so
107 2025 140 2084 et
164 2023 202 2082 ad
224 2023 331 2083 tertias
354 2023 495 2100 decoquis
523 2027 555 2083 61
580 2043 635 2100 per
661 2043 754 2085 cornu
780 2025 905 2084 naribus
932 2025 1067 2084 infundis
1095 2026 1127 2084 et

106 2111 234 2189 patieris
257 2131 371 2189 equum
388 2112 504 2171 diutius
523 2131 702 2189 suspensum
723 2113 839 2173 durare.
883 2112 964 2192 quod
985 2114 1013 2172 si
1030 2112 1127 2172 maior

106 2219 202 2261 causa
231 2201 374 2280 exegerit,
405 2200 490 2260 addis
520 2201 559 2260 ad
584 2202 738 2277 potionem
765 2203 1002 2279 suprascriptam
1028 2202 1126 2278 liqua-

105 2290 198 2349 minis
221 2290 332 2350 summi
354 2290 478 2366 cyathos
501 2290 555 2350 ΠΙ.

174 2378 224 2437 Ad
249 2379 396 2438 morbum.
438 2378 464 2436 si
491 2379 622 2456 coeperit
649 2379 684 2439 de
712 2379 834 2439 incertis
860 2380 987 2456 pedibus
1012 2377 1173 2439 claudi-12

62 2483 90 2524 16
105 2487 175 2528 caro
194 2468 243 2527 vel
255 2467 345 2543 pedes
363 2467 572 2546 intumuerint,
590 2467 843 2544 periculosissima
862 2467 984 2542 quidem
1001 2485 1048 2526 res
1071 2469 1125 2543 est,

107 2560 235 2616 curatur
266 2557 370 2616 autem
400 2555 455 2616 sic:
489 2556 612 2634 sanguis
649 2556 685 2614 de
717 2559 848 2630 utraque
884 2557 970 2630 parte
1002 2553 1125 2614 cervicis

106 2645 256 2722 mittitur,
288 2648 326 2703 ut
351 2663 448 2721 usque
476 2643 516 2704 ad
542 2662 691 2702 summam
719 2642 931 2721 fatigationem
960 2642 1127 2702 deducatur

107 2733 231 2811 animal,
253 2735 323 2810 post
344 2753 437 2794 uram
458 2732 597 2810 lupinam
615 2751 684 2792 cum
701 2733 789 2792 melle
813 2734 844 2792 61
865 2750 946 2807 aqua
964 2730 1126 2792 cisterninc

108 2822 182 2881 dato
204 2839 301 2898 usque
325 2823 364 2881 ad
386 2823 555 2882 sanitatem.

63 2925 91 2965 6ο
173 2911 252 2971 Item
274 2911 365 2970 ah'ud.
402 2911 493 2988 primi
510 2910 686 2988 liquaminis
704 2911 828 2972 calicem
844 2912 969 2988 plenum
986 2910 1018 2969 in
1035 2912 1171 2970 1616613

104 2999 231 3077 mittito,
254 3002 291 3058 ut
314 3020 407 3076 quam
424 3000 607 3060 validissime
626 3005 792 3078 soporetur,
814 2999 925 3078 frigido
949 2999 1041 3059 etiam
1059 2999 1125 3060 loco

105 3089 284 3148 stabuletur.
331 3089 480 3149 coriandri
502 3107 573 3148 sane
596 3093 628 3148 61
650 3090 816 3150 cucumeris
843 3088 971 3167 agrestis
993 3087 1068 3148 folia
1090 3092 1122 3147 et

103 3177 221 3237 radices
251 3179 282 3236 et
310 3178 408 3238 mellis
438 3178 519 3255 quod
547 3177 622 3237 satis
651 3180 710 3258 est,
742 3196 811 3238 cum
837 3177 908 3238 vinc
936 3177 1020 3256 dato,
1051 3180 1122 3254 post

105 3265 188 3343 porri
218 3264 283 3326 suci
313 3266 505 3327 acetabulum
532 3267 658 3344 plenum
685 3267 825 3326 faucibus
854 3265 1020 3343 infundito;
1051 3265 1124 3327 offas

179 3398 387 3471 26661161614
402 3399 525 3472 Caystri]
540 3402 694 3470 Πιστηρίου
709 3401 778 3456 ΗΜ
805 3402 953 3470 Πιστιρίου
972 3399 1124 3471 Ρ11511-

106 3469 249 3597 {3¹11}nger
262 3473 304 3528 ilc
317 3488 419 3542 semper
433 3474 540 3543 6611661
556 3478 588 3526 le
606 3475 672 3526 mai
687 3474 697 3543 1
711 3477 745 3527 13
765 3474 840 3542 cyati
854 3475 912 3542 165
927 3470 1102 3526 1111116111
1116 3471 1124 3538 1

901 3629 936 3684 31
