2554 3900
498 165 715 232 „55-

100 327 261 403 suspin'um
290 331 321 388 et
347 329 386 387 ad
413 347 574 406 spasmum.
619 331 742 407 hyssopi
770 331 866 408 selib.,
896 331 977 390 faeni
1005 330 1111 391 Graeci

99 415 187 494 selib.,
210 415 267 474 lini
287 417 408 477 seminis
427 419 518 496 selib.,
541 420 692 479 tracantbi
711 419 803 497 selib.,
826 419 872 478 ari
891 419 1000 480 Gallici
1019 419 1111 497 selib.,

99 506 182 564 rutae
204 505 312 565 viridis
335 507 431 584 selib.,
459 508 554 566 alium
576 527 647 567 sane
674 511 794 568 coctum
815 527 911 584 usque
940 508 978 567 ad
1005 509 1112 568 tertias

99 593 129 650 et
151 592 188 651 da
210 595 353 654 tussienti
375 596 595 674 pertriduum,
620 597 702 657 volso
725 616 780 673 per
802 597 864 656 dies
887 617 1002 657 novem
1049 617 1109 656 cer-

73 680 246 742 stissimum
269 686 316 742 est
336 685 510 744 remedium.

161 769 209 830 Ad
231 775 348 832 tussam
370 777 502 834 veterem
524 777 555 834 et
578 775 616 833 ad
639 775 803 851 suspirium
825 777 856 833 et
878 774 917 833 ad
940 775 1109 834 anhelitum
1138 767 1175 822 97

99 858 174 917 etad
183 863 356 936 synanchen
365 863 495 940 prodest,
510 863 535 921 si
549 883 618 922 mox
627 863 742 924 dederis
752 863 879 940 styracis
887 863 998 923 rubeae
1007 864 1108 941 -m,

98 965 211 1008 munnae
243 950 379 1028 troglitis
409 984 447 992 —
477 951 522 1029 Π,
555 951 608 1011 iris
639 952 778 1028 Illyricae
810 971 877 1011 unc.
910 952 953 1031 Π,
986 953 1109 1031 galbani

97 1036 220 1115 unali,
240 1039 357 1098 resinae
377 1040 595 1100 terebinthinae
617 1060 684 1100 unc.
703 1042 763 1119 IH,
785 1041 894 1101 herbae
919 1043 1108 1118 symphonia·

63 1137 86 1176 16
98 1140 146 1182 666
168 1127 279 1205 uncl,
305 1128 367 1204 opii
390 1129 580 1188 semunciam.

158 1212 206 1272 Ad
237 1219 355 1276 tussam
386 1236 540 1293 equorum.
589 1218 688 1278 mellis
725 1219 826 1296 selib.,
862 1219 1010 1297 axungiae
1046 1220 1106 1296 lib,
1134 1219 1174 1273 98

97 1301 203 1361 caricas
230 1325 358 1364 numero
386 1305 456 1384 XV,
485 1306 605 1383 pineam
634 1327 727 1368 unam
753 1308 921 1368 comburito
948 1307 1109 1385 diligenter

97 1390 125 1444 et
149 1392 306 1464 pulverem
333 1394 438 1472 facito,
469 1395 571 1455 addito
599 1398 630 1455 et
656 1397 808 1456 heminam
834 1396 1009 1472 liquaminis
1036 1396 1108 1455 boni

96 1478 207 1539 etcum
226 1482 364 1542 coliculis
383 1484 475 1543 coctis
493 1485 567 1544 offas
585 1485 677 1544 facies
699 1488 730 1544 et
753 1485 846 1544 dabis.
884 1484 958 1544 satis
976 1485 1105 1561 prodest.

63 1577 85 1617 ²⁵
158 1568 205 1628 Ad
232 1574 363 1649 tussam,
396 1572 524 1632 Emeriti
559 1573 759 1633 mulomedici.
805 1573 932 1632 hederae
964 1573 1038 1633 folia
1075 1576 1106 1632 et
1133 1574 1172 1628 99

96 1657 196 1731 populi
219 1661 309 1719 albae
332 1679 429 1736 aequo
451 1661 581 1737 pondere
611 1661 683 1721 teris
711 1664 742 1720 et
765 1679 834 1720 cum
862 1660 933 1720 vino
961 1662 1030 1723 albo
1052 1682 1107 1739 per

95 1759 192 1805 narem
214 1747 315 1808 deicis.

156 1834 256 1897 Aliud.
296 1838 378 1897 iunci
402 1857 502 1898 semen
525 1858 594 1897 cum
616 1839 704 1898 faeno
728 1839 908 1900 commisces.
1115 1856 1172 1912 100

157 1923 257 1986 Aliud.
296 1930 383 1986 rutae
407 1927 482 1986 folia
504 1927 609 1989 mollia
631 1931 710 1988 teres
738 1930 769 1988 et
791 1947 860 1988 cum
882 1929 952 1989 vino
977 1930 1102 1990 candido
1114 1945 1169 1999 101

61 2020 144 2081 2⁰per
164 2032 250 2075 nares
275 2015 366 2075 deicis
394 2019 424 2075 et
451 2017 574 2075 faenum
604 2017 685 2093 quod
712 2019 887 2096 manducat,
916 2037 986 2078 suco
1015 2038 1103 2078 cucu-

96 2099 179 2158 meris
205 2104 338 2166 silvatici
366 2105 494 2183 spargis3
518 2106 626 2165 melius
653 2109 823 2166 esttamen
852 2108 990 2167 omnibus
1014 2127 1103 2166 cucu-

95 2188 179 2248 meris
201 2211 303 2252 semen
325 2193 448 2253 miscere
472 2213 541 2253 cum
563 2194 634 2255 vino
658 2199 688 2254 et
710 2196 843 2256 radicem
869 2196 966 2272 ipsius
994 2196 1103 2255 siccam

96 2275 124 2332 11
144 2278 275 2351 pisatam
298 2301 366 2341 cum
388 2283 498 2344 hordeo
522 2283 715 2345 commixtam
738 2285 816 2344 dare.

155 2367 203 2427 Ad
216 2373 332 2430 tussem
345 2371 393 2430 vel
407 2371 446 2430 ad
460 2372 632 2450 suspirium,
642 2372 783 2448 apopiras
796 2372 949 2450 Pelagoni.
974 2372 1102 2447 sulphur
1113 2385 1168 2440 102

62 2450 192 2516 ²⁵Vivum
219 2461 250 2518 et
277 2460 478 2519 rosmarinum
505 2480 575 2520 cum
601 2461 689 2519 melle
717 2462 748 2518 et
776 2479 845 2519 cum
872 2460 942 2519 vino
972 2460 1102 2518 mixtum

95 2556 144 2611 12⁰1
165 2545 319 2608 sinisiram
340 2568 444 2609 narem
465 2549 575 2608 mittes.

155 2631 202 2693 Ad
224 2639 346 2697 tussem.
388 2637 511 2714 panacis
533 2636 665 2695 radicem
686 2635 830 2711 picatam,
853 2634 918 2694 vini
939 2634 1098 2714 heminam,
1112 2650 1168 2704 103

96 2715 149 2775 olei
171 2725 295 2798 cyathos
314 2725 360 2783 ΙΠ
382 2746 436 2801 per
459 2744 491 2786 os
515 2724 606 2784 deicis
630 2726 684 2782 aut
706 2743 761 2800 per
783 2743 887 2783 narem
910 2723 1069 2784 sinistram.

95 2851 234 2871 -—...—-
237 2865 301 2872 ——-

161 2943 509 3017 lysopilbcbuool.c'
529 2946 1102 3020 111266166616113611161166616611

97 3010 266 3074 ‘leinachem
288 3019 292 3091 1
314 3021 417 3073 robeae
439 3022 449 3087 1
472 3026 488 3074 8
516 3037 625 3088 myrrae
651 3021 655 3088 1
679 3018 807 3089 ylliricae
830 3022 877 3088 19
906 3019 1098 3075 terebentinac

97 3093 152 3136 unc.
170 3085 208 3142 Ill
226 3090 254 3144 R
286 3091 489 3175 capsflecdlmyc
499 3099 532 3159 γῦ
551 3087 581 3144 δ’
602 3091 669 3145 ΗΡ
686 3090 793 3158 (uncias
818 3091 876 3144 tres
899 3090 975 3162 Vey.)
998 3095 1002 3159 1
1023 3108 1098 3161 sym·

96 3171 205 3232 poniaco
227 3180 236 3249 1
260 3183 292 3232 11
313 3176 436 3232 mollisse
454 3178 503 3235 lib.
522 3179 551 3234 R
591 3177 699 3249 μέλιτος
723 3178 837 3233 ἁπτικοῦ
861 3180 958 3249 λίτραν
981 3176 1014 3233 α’
1038 3180 1102 3234 ΗΡ

97 3240 182 3297 mellis
203 3246 305 3303 libram
329 3249 392 3320 ch.
416 3250 488 3321 culp.
512 3249 602 3317 (selib.
629 3250 804 3319 Oorbcs'enais)
839 3254 843 3314 Ι
877 3251 926 3305 lib.
946 3250 974 3304 R
1001 3253 1098 3321 λίτραν

97 3305 140 3363 “8'
158 3315 191 3369 H
194 3319 221 3372 P
242 3319 354 3386 (libram
380 3322 464 3373 semis
487 3327 538 3375 out
559 3319 661 3374 libram
688 3320 790 3389 chete'i
812 3321 888 3390 libri)
907 3323 917 3390 l
938 3327 969 3374 11
989 3326 1098 3391 carigas

96 3392 186 3440 numer
206 3391 257 3444 XV
274 3391 303 3446 R
335 3388 453 3460 ἰσχάδας
480 3389 520 3463 ιβ’
545 3392 608 3446 ΗΡ
629 3397 702 3457 (cum
724 3391 816 3462 Peloy.
840 3393 973 3446 comentit
1001 3393 1075 3464 ch.)

97 3451 128 3503 13
142 3455 212 3514 hiem
234 3464 245 3532 1
269 3468 302 3516 14
317 3465 434 3530 prodeo
457 3465 467 3532 1
490 3467 524 3516 16
540 3462 640 3517 hedere
663 3465 673 3532 l
698 3468 729 3517 16
747 3460 839 3517 albiae
853 3480 908 3530 quo
931 3465 941 3531 l
963 3468 998 3516 20
1008 3480 1075 3518 sucu

98 3521 127 3572 ²1
142 3528 268 3588 saluatici
283 3537 292 3601 1
307 3538 341 3586 18
360 3540 434 3602 cyat.
454 3532 493 3586 lll
