2554 3900
556 138 771 203 *46-

152 305 303 366 moveant.
346 303 372 363 si
399 305 501 364 tumor
528 302 634 381 thenit,
661 302 839 379 plerumque
866 301 1035 379 periculum
1064 304 1172 363 adfert.
1258 377 1259 380 Ἴ

153 392 254 454 curari
277 392 365 452 dehet
386 392 424 451 iis
442 390 625 470 potionibus,
649 410 726 469 quae
749 393 885 451 ventrem
902 393 1040 469 movent3
1064 392 1173 452 similis

153 485 202 543 est
230 481 310 541 enim
346 500 419 542 cura
452 481 490 540 iis
526 480 580 559 qui
611 480 797 540 hordiantur.
851 479 897 539 sin
924 482 1028 540 autem
1055 482 1173 541 ventris

153 571 255 631 fimus
273 571 334 632 cito
353 569 472 630 steterit
490 572 521 629 et
538 569 620 632 oculi
639 568 701 628 albi
718 569 840 647 firerint,
863 569 940 628 nihil
957 569 1032 628 mali
1055 570 1174 647 evenit;

155 662 258 721 oculos
281 662 384 720 tamen
407 678 487 719 cura.
1201 676 1212 714 s
1259 659 1260 662 ’

106 745 146 802 48
222 749 271 807 Ad
298 748 407 826 capitis
435 747 634 827 gravedinem.
677 749 746 808 ante
775 746 876 806 omnia
902 747 1097 825 purgandum
1127 751 1177 808 est

154 839 256 917 caput,
279 837 472 916 purgandum
491 839 593 897 autem
613 836 669 897 hoo
686 836 790 897 modo:
813 835 938 913 inulam,
961 835 1175 916 euphorbium,

154 926 233 985 turis
246 926 391 1003 pollinem
404 927 475 987 vino
489 926 622 1003 decoque
636 928 668 985 et
681 926 743 985 sole
757 924 854 985 calido
869 924 992 984 naribus
1006 924 1174 987 infundito

155 1017 226 1092 post
246 1015 399 1076 modicum
422 1016 481 1077 olei
498 1015 608 1075 rosacii
626 1014 860 1091 aliquantulum,
883 1016 1006 1091 propter
1028 1013 1091 1074 vim
1107 1034 1174 1074 me·

156 1103 323 1177 dicaminis‚
346 1105 378 1164 in
400 1124 488 1165 nares
510 1104 633 1164 mittito.
1189 1121 1213 1159 ιο

106 1188 146 1245 49
221 1193 271 1252 Ad
293 1194 411 1254 dolores
435 1193 596 1254 auriculae.
635 1193 713 1253 aceti
739 1191 816 1252 acris
844 1191 1070 1268 aliquantulum
1100 1210 1175 1252 cum

155 1283 221 1344 oleo
243 1283 340 1344 veteri
363 1286 394 1344 et
416 1302 486 1343 cum
508 1281 683 1357 aphronitro
705 1281 861 1342 inaurem
878 1280 1008 1358 mittito;
1031 1280 1087 1339 aut
1103 1299 1173 1340 ver·

154 1371 291 1450 miculos²
309 1372 506 1448 porcelliones
525 1370 580 1448 qui
598 1371 799 1449 appellantur,
818 1389 887 1430 cum
901 1369 1012 1446 butyro
1032 1371 1064 1428 et
1080 1371 1172 1429 rutae

154 1479 216 1521 uno
235 1460 380 1521 fasciculo
398 1460 430 1519 in
450 1461 515 1521 oleo
534 1459 679 1538 ferveant,
698 1461 816 1519 etcum
833 1459 996 1536 tepuerint,
1013 1457 1047 1517 in
1065 1476 1172 1518 aurem

153 1549 283 1628 mittito;
307 1553 362 1610 aut
385 1550 487 1628 adipes
510 1549 641 1628 gallinae
665 1549 832 1625 percolatas
856 1567 925 1608 cum
943 1546 1037 1608 nardo
1059 1546 1092 1604 in
1115 1565 1172 1606 an·
1187 1561 1212 1602 rs

152 1639 264 1699 riculae
287 1640 410 1701 mittito.

106 1720 146 1778 ὅθ
222 1727 277 1785 Sin
299 1731 402 1787 autem
425 1729 578 1788 cerebrum
607 1728 789 1788 commotum
815 1725 969 1804 habuerit,
992 1725 1172 1803 diligentius

154 1815 255 1872 sanari
278 1813 378 1894 debet,
406 1837 443 1876 ne
471 1817 640 1892 perieulum
667 1815 791 1876 adferat.
829 1814 916 1893 signa
943 1817 1016 1874 tunc
1042 1814 1075 1873 in
1102 1814 1171 1890 ipso

153 1903 228 1961 haec
251 1905 352 1961 amnt:
374 1923 532 1979 perversus
556 1904 725 1964 ambulabit
741 1903 868 1980 pedihus
886 1902 1008 1963 incertis
1028 1905 1059 1962 et
1076 1903 1171 1963 inter-

153 1991 226 2050 dum
254 1990 378 2050 cuilibet
410 1994 466 2050 aut
493 1992 591 2068 stipiti
619 1997 674 2050 aut
700 1992 867 2052 iacentibus
894 1992 1047 2069 lapidibus
1074 1991 1167 2068 pedes
1182 2007 1207 2045 2⁰

154 2079 278 2139 offendit
301 2098 465 2156 coxamque
484 2080 642 2140 contrahit.
676 2081 804 2141 simula
822 2082 888 2160 orit,
906 2081 1052 2160 iungatur
1071 2081 1170 2141 artiim

154 2168 235 2246 iugo,
258 2168 303 2228 ita
326 2171 362 2227 ut
384 2169 492 2229 sudore
516 2172 547 2229 et
569 2169 670 2230 labore
694 2171 790 2230 omnis
811 2171 896 2231 dolor
918 2169 1110 2248 discutiatur,
1132 2173 1171 2230 ut

152 2259 222 2333 post
248 2257 383 2318 laborem
409 2258 518 2318 melius
548 2260 677 2318 curetur.
717 2259 836 2319 curabis
860 2262 962 2320 autem
988 2259 1049 2319 his:
1076 2258 1170 2320 bacas

152 2346 232 2405 lauri
264 2366 388 2409 numero
419 2348 476 2407 XX
507 2349 538 2408 et
564 2348 638 2407 nitri
669 2348 719 2408 lib.
749 2349 840 2410 terito
867 2348 983 2408 minute
1016 2351 1048 2407 et
1079 2351 1170 2408 rutae

151 2436 342 2513 manipulum
365 2437 492 2499 viridem
515 2456 584 2498 cum
607 2440 706 2516 aceto,
729 2441 760 2496 et
783 2439 848 2497 oleo
871 2437 991 2496 laurino
1015 2437 1209 2513 tepefactos

151 2527 335 2606 perunguito
354 2530 447 2604 caput
468 2527 601 2588 medium
624 2526 705 2586 inter
726 2545 814 2586 aures
842 2530 873 2585 et
899 2527 1034 2586 lanatam
1056 2526 1171 2602 pellem

152 2615 323 2677 madentem
336 2618 383 2676 his
401 2617 650 2677 medicaminibus
664 2635 718 2692 pro
733 2615 906 2675 cerebellari
919 2614 1169 2691 superimponitc.

104 2699 140 2753 51
219 2704 297 2764 Item
316 2705 407 2764 aliud.
439 2705 570 2764 farinam
587 2704 778 2764 hordeaciam
794 2703 921 2763 mixtam
938 2703 1054 2763 resinae
1074 2703 1170 2763 durae

152 2790 308 2866 imponito.
345 2811 450 2852 curare
478 2795 581 2852 autem
604 2793 704 2872 debes,
727 2796 765 2851 ut
790 2792 909 2869 reliqua
935 2811 1006 2869 pars
1034 2792 1170 2868 corporis

154 2878 222 2937 aliis
250 2879 424 2955 potionibus
452 2880 614 2940 nutriatur.
655 2899 777 2942 canoros
804 2881 973 2943 fluviaticos
1001 2884 1109 2941 tunsos
1139 2884 1171 2941 et
1185 2894 1211 2933 ⁸0

152 2967 262 3027 mixtos
298 2967 387 3027 lactis
419 2967 535 3045 caprini
566 2971 638 3028 sext.
664 2972 695 3030 et
726 2971 785 3031 olei
816 2972 925 3046 cyatho
958 2970 1057 3031 colato
1094 2964 1171 3048 (et)

153 3075 207 3130 per
230 3075 263 3116 os
286 3056 446 3117 infundito.
489 3057 515 3116 si
538 3076 646 3134 parum
669 3059 768 3119 cancri
786 3060 835 3118 vel
853 3060 900 3119 lac
920 3058 1170 3136 suppeditaverit,

224 3225 329 3298 thiel]
349 3233 365 3281 3
388 3226 461 3352 hisp
478 3234 495 3283 6
518 3227 693 3298 grauidinem
718 3229 755 3282 a“n
777 3229 839 3298 b's'l
863 3234 878 3283 7
901 3226 1143 3283 innulamvforbid
1162 3227 1170 3292 l!

153 3301 169 3351 8
191 3295 317 3368 callidol
334 3303 366 3352 10
385 3297 446 3353 Ado
458 3301 542 3368 eres!
558 3304 590 3354 12
600 3297 754 3368 ascondisti
774 3306 806 3356 18
825 3302 892 3354 tunc
910 3298 1006 3354 Scrch.
1029 3301 1062 3353 tn
1086 3299 1122 3369 (h.
1147 3316 1168 3353 e.

152 3370 265 3451 tamen).
283 3369 312 3423 R
339 3373 349 3440 l
374 3375 407 3424 19
425 3369 583 3454 ambulauit
600 3372 611 3440 Ι
628 3376 664 3424 24
678 3371 815 3453 .¹¹¹¹¹¹²⁶.²⁰]
839 3371 896 3424 nni>
921 3371 926 3440 Ι
950 3369 1077 3424 minutae
1101 3372 1110 3440 ΙΙ
1134 3376 1169 3424 27

154 3456 239 3574 tlt?
253 3441 1171 3583 tulliiitltttllitlttlttfl{tutti{tt
