2554 3900
568 125 784 189 „20-

169 285 369 365 Pelagoniam
382 286 501 347 omissis
515 287 609 366 signis
623 287 782 366 causisque
795 288 971 349 morborum
983 293 1047 350 tem
1055 311 1184 371 magnae

168 375 213 435 rei
227 375 426 435 fundamenta
443 376 611 454 neglexisse
629 377 695 436 iure
708 377 873 453 miraberis,
892 378 938 438 ite
951 382 988 438 ut
1002 383 1057 438 aut
1071 381 1184 442 iniuste

170 484 238 524 eum
248 463 383 525 iudicare
397 467 452 524 aut
465 466 573 525 mutilo
584 466 748 542 exemplari
756 485 846 526 usum
857 485 920 526 esse
930 470 1184 530 statuendumsit.

235 554 318 613 9ΙΠ.
341 554 450 614 Restat
471 556 508 614 ut
530 554 566 615 de
588 554 706 615 ratione
728 575 824 617 novae
847 555 987 617 editionis
1010 577 1111 633 pauca
1135 561 1185 618 ad-

168 642 246 702 dam.
279 643 384 720 itaque
403 643 442 702 ad
459 644 669 704 recensendam
685 644 851 705 orationem
868 645 1102 706 fundamentum
1121 667 1185 708 esee

167 732 400 792 Riccardianum
422 731 534 791 librum
555 752 610 809 per
632 751 663 792 se
686 733 881 811 intellegitur.
927 735 1056 794 correxit
1082 739 1186 796 autem

168 820 337 880 Politianus
361 820 465 881 eadem
487 822 549 881 fere
571 821 688 881 ratione
711 840 773 898 qua
797 822 830 881 in
851 823 1037 882 emendanda
1060 823 1186 885 (latonis

169 911 200 967 et
221 909 365 970 Varronis
392 909 527 987 principe
555 909 684 970 editione
712 931 748 970 ex
774 911 874 970 codice
902 912 1054 972 Marciano
1083 917 1186 974 vetus·

168 998 284 1058 tissime
307 1017 398 1058 usum
421 1019 490 1059 eum
518 1017 580 1058 esse
604 999 751 1059 Henricus
773 999 842 1058 Keil
868 1003 973 1059 narrat
996 1001 1065 1062 edit.
1089 1004 1185 1078 praef.

168 1106 196 1162 p.
222 1086 274 1145 91.
316 1106 429 1149 errores
461 1087 525 1160 eius
558 1088 608 1146 cui
639 1088 865 1148 describendum
895 1089 1053 1150 mandavit
1085 1092 1187 1167 sprevi

167 1176 273 1250 paucis
301 1177 373 1237 locis
402 1177 532 1252 exceptis
559 1176 613 1234 ubi
641 1176 804 1252 scripturas
833 1177 948 1254 primae
974 1197 1083 1238 manus
1113 1173 1186 1263 (Ill)

169 1265 312 1325 adnotare
335 1285 395 1324 non
417 1264 525 1324 inutile
548 1265 627 1324 duxi.
670 1265 916 1344 orthographiam
939 1267 977 1326 ad
1003 1267 1059 1328 hoc
1086 1287 1187 1328 unum

167 1354 337 1430 exemplum
364 1353 409 1411 ita
435 1353 617 1413 constituere
644 1356 681 1412 ut
708 1354 765 1413 sibi
797 1357 913 1415 constet
944 1356 1080 1415 omnibus
1108 1358 1186 1418 locis

166 1463 228 1503 nou
251 1461 367 1519 semper
384 1441 473 1501 facile
496 1442 557 1500 fuit
579 1462 676 1519 neque
700 1442 726 1502 si
749 1444 817 1526 quis
837 1445 939 1520 plures
958 1445 1068 1504 codicis
1091 1447 1186 1524 scrip-

166 1533 252 1590 turas
279 1531 403 1591 retineri
429 1531 518 1590 inalit
543 1551 686 1610 repugno.
731 1533 818 1592 velut
847 1533 952 1609 scripsi
982 1551 1098 1610 semper
1127 1539 1183 1594 im·

161 1639 272 1694 ponae
294 1621 412 1698 similia,
436 1639 505 1680 cum
523 1642 583 1682 non
600 1641 669 1681 raro
689 1622 770 1680 extet
792 1625 936 1694 inponere.
977 1623 1029 1682 sed
1046 1627 1186 1699 praestat

167 1707 267 1782 ipsum
290 1709 507 1784 seripturarum
529 1710 679 1786 specimen
706 1710 852 1786 subicere,
880 1712 917 1768 ut
944 1711 1043 1787 qualis
1071 1711 1112 1770 sit
1134 1733 1185 1773 co-

167 1795 240 1854 dicis
264 1796 463 1873 editionisque
486 1798 601 1858 indoles
624 1799 732 1858 melius
755 1798 962 1876 perspiciatur.

168 1875 237 1943 aet
256 1901 283 1942 a:
302 1888 519 1959 coaeparpcada
534 1881 584 1946 21.
614 1906 802 1962 coasparsam
817 1890 890 1948 259.
921 1905 1093 1964 consperges
1107 1892 1185 1952 426.

257 1972 309 2031 sed
331 1977 508 2047 conspergite
533 1977 604 2033 171.
650 1977 811 2052 utramque
834 1976 954 2036 retinui.

168 2064 233 2120 aet
246 2064 269 2120 i:
284 2061 418 2121 salvatici
434 2063 546 2123 7.101.
570 2065 742 2122 salvaticum
753 2067 792 2124 91
810 2059 935 2147 (rectius
952 2068 1001 2125 10.
1017 2069 1054 2126 19
1066 2061 1147 2148 cet).
1157 2062 1184 2149 ¹)

167 2168 203 2210 ae
225 2170 280 2227 pro
304 2168 330 2209 c:
354 2152 492 2210 assiduae
516 2154 578 2212 157
604 2152 731 2228 saepius

167 2258 208 2299 aa
234 2241 265 2299 et
293 2258 325 2298 o:
349 2242 499 2314 austrapio
529 2243 578 2301 75.
621 2245 801 2318 aaaaagiam
826 2246 874 2303 71.
905 2245 945 2303 83
971 2236 1118 2324 (nauigia
1140 2247 1181 2306 31

256 2330 287 2388 et
308 2319 443 2408 passim).

167 2436 181 2478 e
202 2438 257 2495 pro
280 2435 328 2478 aa:
350 2417 470 2493 passim.

166 2510 230 2569 cet
247 2511 272 2568 i:
291 2509 348 2568 alei
369 2510 429 2568 147
447 2526 526 2585 saep.
563 2509 682 2570 camolia
703 2512 752 2570 15.
789 2511 918 2570 acircio
936 2513 988 2570 44.
1008 2515 1083 2573 449.
1114 2533 1185 2589 pca-

251 2600 337 2672 91000
361 2600 411 2657 69.
464 2599 595 2659 110038.
643 2600 776 2674 pastellis
801 2601 850 2660 53.
889 2601 1029 2674 pastellos
1052 2604 1103 2662 89.
1130 2607 1182 2665 90.

254 2687 357 2758 scaapi
391 2687 463 2743 194.
497 2689 558 2746 229
593 2681 731 2768 (saepius
767 2679 891 2764 010001).
947 2707 1073 2764 spongea
1108 2694 1182 2753 193.

254 2773 387 2845 spongeis
410 2775 483 2831 212.
530 2779 717 2849 campaniaco
741 2777 814 2834 210.
840 2778 903 2836 213
927 2777 996 2837 alia.

165 2921 310 3047 Eiectum'
339 2921 372 2975 nt
396 2919 561 2976 inscribitur
587 2923 618 2976 in
645 2924 704 2978 cod.
729 2923 793 2978 Vat.
817 2924 918 2993 Regin.
944 2933 1011 2983 1010
1035 2929 1082 3001 (cf.
1106 2929 1178 2988 Mus.

190 2993 254 3048 hen.
273 2998 307 3047 46
326 3010 354 3062 p.
373 2995 438 3060 376)
461 2993 617 3061 compilans
635 2993 749 3063 Vegetii
771 2997 975 3064 praelationem
998 3000 1035 3054 ad
1059 3001 1180 3058 verbnm

165 3064 225 3119 fere
246 3063 277 3117 in
299 3081 380 3117 suum
403 3078 485 3115 asum
508 3064 692 3135 transcripsit.
728 3065 855 3122 eiusdem
878 3068 1086 3138 compilationis
1110 3072 1182 3128 libri

165 3153 216 3191 me.
236 3135 334 3188 extant
352 3132 478 3188 Venetiis
500 3133 531 3188 in
549 3135 721 3199 bibliotheca
740 3140 766 3193 S.
785 3137 873 3194 Marci
892 3139 974 3196 class.
991 3141 1040 3195 911
1060 3143 1122 3199 cod.
1143 3148 1179 3199 26

164 3201 361 3330 {valentinelli
386 3205 508 3276 catalog.
534 3207 555 3262 V
580 3225 609 3272 p.
632 3211 705 3277 141),
735 3208 920 3266 vindobonae
943 3212 973 3266 in
1000 3212 1179 3271 bibliotheca

188 3273 298 3329 elatine
324 3275 384 3329 cod.
408 3282 479 3331 2414
507 3279 553 3348 (of.
577 3277 742 3336 Eichenfeld
764 3283 784 3336 l.
806 3299 829 3337 o.
852 3280 1052 3352 Anzeigeblatt
1074 3303 1104 3355 p.
1123 3287 1179 3358 59).

165 3346 329 3472 {lleuauctore
343 3348 452 3404 medico
464 3349 588 3407 breviter
601 3353 660 3422 egit
674 3350 784 3408 Curtius
800 3353 945 3425 SprengeI,
959 3355 1064 3412 Hister.
1075 3357 1178 3414 medic.

228 3434 254 3486 p.
271 3423 373 3490 596sq.

239 3493 265 3560 1)
285 3490 325 3546 Of.
344 3491 479 3548 Italorum
497 3495 645 3567 salvuccio.
