2554 3900
566 171 782 236 ..56-

102 329 161 386 104
232 335 334 394 Aliud.
382 335 496 395 radices
528 335 617 396 tritas
648 355 717 395 cum
748 336 813 396 vini
844 335 964 395 hemina
995 355 1050 411 per
1079 354 1175 394 narem

169 424 323 484 sinistram
346 424 443 483 deicis

103 517 160 573 109
237 512 338 572 Aliud.
365 513 551 574 rorismarini
565 531 639 589 scrp.
654 513 724 590 IHI,
738 533 857 572 murrae
872 531 956 590 serp,
970 513 1048 572 croci
1062 511 1176 588 scrpll

169 623 238 663 cum
261 601 325 662 vini
348 604 419 661 sext.
444 605 474 660 90
493 601 551 661 9191
569 603 645 660 hem.
668 621 757 661 mane
775 622 829 679 per
846 620 950 662 narem
968 600 1067 679 deicis,
1091 600 1177 660 hemi·

169 711 240 750 nam
263 691 295 749 in
318 690 372 749 die.
1198 699 1207 737 ⁵

102 783 161 838 109
237 778 339 838 Aliud.
385 779 488 838 anethi
520 779 711 838 acetabulum
747 799 859 858 unum,
892 779 945 837 iris
981 778 1178 852 acetabulum,

169 871 256 927 rutae
280 886 368 945 serp,
399 867 457 927 olei
484 868 635 927 heminam
662 868 818 926 dimidiam
839 885 927 926 mane
950 887 1004 943 per
1026 886 1060 926 os
1084 866 1177 926 deicis.

104 959 158 1016 101
237 956 285 1015 Ad
313 957 476 1032 suspirium
503 958 551 1017 vel
579 957 617 1016 ad
646 961 768 1016 tussem.
809 956 887 1016 mori
919 956 1029 1015 radicis
1061 955 1179 1015 tertiam

170 1047 288 1120 partem
311 1045 434 1121 scripuli
462 1048 517 1104 aut
543 1046 715 1122 heliotropii
742 1045 908 1122 scripulum
935 1044 1095 1104 dimidium
1118 1042 1178 1102 dili·

171 1136 276 1212 genter
298 1133 406 1193 tritum
429 1153 498 1193 cum
520 1135 584 1193 vini
606 1135 696 1194 calidi
718 1135 839 1194 hemina
861 1153 915 1210 per
938 1152 971 1193 os
994 1133 1094 1192 deicis.
1190 1143 1209 1182 1⁰

105 1225 161 1281 108
238 1222 286 1282 Ad
308 1224 430 1300 tussem,
455 1221 645 1282 Columellas.
682 1242 784 1282 recens
802 1223 895 1282 tussis
914 1221 1039 1282 celerius
1059 1223 1179 1280 sanatur
1247 1248 1248 1259 ¹

171 1311 284 1388 pinsita
315 1313 395 1370 lente
426 1314 457 1370 et
484 1330 502 1370 a
529 1312 661 1371 valvulis
689 1314 829 1388 separata
860 1312 1036 1387 minuteque
1069 1309 1177 1371 molita.

171 1419 268 1478 aquae
292 1400 406 1459 calidae
430 1400 609 1459 tantundem
631 1419 789 1460 mensurae
807 1401 898 1460 lentis
916 1400 1039 1459 misceto
1064 1399 1178 1460 99199-

171 1490 254 1550 cibus
278 1488 429 1548 infundite
452 1508 507 1565 per
528 1489 671 1548 triduum.
714 1490 914 1548 certissimum
940 1488 1109 1548 remedium
1131 1488 1177 1546 est.

170 1581 258 1639 vetus
281 1577 373 1637 tussis
397 1577 560 1640 discutitur
581 1578 663 1654 porri
687 1597 758 1638 suco
786 1579 880 1637 trium
908 1578 1088 1654 cyathorum
1115 1583 1208 1635 cnm1⁵

173 1668 232 1728 olei
254 1668 375 1726 hemina
398 1667 602 1744 compluribus
625 1667 729 1726 diebus
753 1667 785 1724 in
808 1668 911 1726 fauces
934 1666 1042 1725 infuso.

106 1759 163 1813 109
240 1755 288 1813 Ad
317 1759 432 1814 tussam
460 1757 509 1816 vel
539 1757 578 1815 ad
604 1757 715 1815 vulsos.
761 1756 884 1831 panacis
911 1755 1021 1814 radicis
1052 1773 1120 1815 unc.
1144 1751 1177 1826 Π,

172 1842 325 1918 sulphuris
353 1843 416 1902 9191
440 1876 481 1885 -
506 1845 534 1922 I,
567 1845 645 1903 turis
673 1844 800 1904 masculi
830 1877 867 1886 -
897 1844 941 1921 H,
973 1863 1095 1902 murrae
1124 1845 1178 1900 tro·

172 1930 256 2010 glitis
274 1962 312 1972 -
328 1931 344 1988 I
362 1931 394 1987 19
416 1949 513 1989 unum
536 1934 700 1992 contundes
719 1936 750 1992 90
767 1933 913 1993 coclearia
931 1932 963 1990 H
985 1951 1055 1991 cum
1078 1929 1178 1991 duobis

172 2019 236 2080 ovis
265 2021 296 2077 et
322 2019 393 2078 vino
421 2019 560 2078 faucibus
587 2020 719 2080 infunde.
763 2022 963 2082 certissimum
990 2024 1022 2080 et
1051 2022 1208 2080 salutares

170 2107 336 2168 remedium
360 2109 412 2166 cst.

105 2200 161 2255 110
237 2196 285 2256 Ad
316 2200 431 2255 tussam
462 2197 632 2274 physicum,
664 2198 792 2258 Emeriti
822 2199 1021 2259 mulomedici.
1069 2194 1178 2258 arboris

170 2285 247 2344 ulmi
269 2288 386 2361 partem
410 2285 577 2346 comburito
601 2288 632 2346 et
659 2286 691 2344 in
720 2288 850 2348 cinerem
877 2289 988 2366 levem,
1016 2288 1048 2346 id
1072 2290 1119 2346 est
1140 2285 1178 2342 f-

169 2375 275 2435 villam
304 2393 396 2452 quam
424 2375 592 2454 appellant,
620 2376 740 2436 tundite
769 2379 800 2436 et
829 2377 860 2434 in
890 2395 970 2453 aqua
997 2377 1092 2436 colari
1119 2391 1177 2452 per-

169 2464 292 2524 mittito.
335 2465 403 2524 inde
432 2483 545 2542 aquam
572 2465 682 2542 ipsam,
710 2465 741 2523 id
770 2468 815 2524 est
842 2465 966 2525 lixivam
993 2485 1063 2524 cum
1086 2467 1208 2540 aequa25

169 2574 310 2615 mensura
343 2555 402 2616 olei
434 2555 585 2614 adiunctis
612 2554 710 2612 tribus
739 2553 803 2613 ovis
833 2555 904 2614 dato
931 2573 985 2630 per
1012 2553 1075 2612 dies
1110 2551 1177 2630 quot

168 2645 309 2704 volueris.

105 2733 160 2787 111
237 2732 286 2790 Ad
309 2734 407 2790 tusses
429 2735 545 2791 veteres
568 2733 599 2790 et
620 2731 760 2791 vomicas.
799 2749 904 2790 sucum
922 2731 1069 2790 marrubii
1088 2727 1176 2806 expri-

169 2819 243 2878 mito
267 2840 295 2894 p.
318 2820 409 2877 unius
432 2818 555 2895 denarii,
578 2819 691 2879 caricas
715 2821 806 2880 siccas
829 2820 860 2878 id
883 2822 929 2878 est
951 2819 1025 2879 ficus
1043 2841 1072 2878 n.
1091 2814 1176 2889 XXV,

169 2906 266 2964 mellis
285 2905 381 2965 Attici
405 2908 460 2964 ant
479 2906 573 2965 Siculi
591 2910 663 2966 sext.
688 2927 709 2967 9.
734 2909 766 2966 19
785 2908 846 2968 9119
868 2927 948 2968 nova
966 2908 1125 2984 decoquito
1143 2902 1176 2963 ad
1187 2911 1207 2949 ³⁰

169 2993 317 3053 dimidias,
351 3014 420 3054 cum
434 2994 593 3072 decoreris,
612 2996 715 3055 eodem
730 2997 840 3057 adicies
853 3015 972 3057 murrae
987 2996 1121 3075 troglitis
1134 3023 1176 3066 ν,

242 3181 343 3236 19199
369 3184 378 3251 ΙΙ
401 3189 417 3237 8
437 3197 547 3251 myrrae
570 3185 580 3254 ΙΙ
603 3188 618 3236 6
646 3183 761 3237 anethia
783 3183 945 3238 octabulum
967 3186 977 3252 t
1000 3189 1017 3238 8
1035 3183 1156 3237 radicem
1167 3176 1175 3246 t

171 3259 187 3308 9
207 3253 358 3324 heliotropi
375 3257 385 3322 ΙΙ
405 3258 438 3307 19
457 3252 555 3308 callidi
573 3257 583 3326 t
602 3259 634 3308 11
655 3253 845 3325 calamellaell
862 3260 895 3308 12
910 3254 1063 3324 9099911911
1079 3261 1111 3308 19
1126 3249 1174 3306 991-

171 3323 246 3379 lidae
266 3327 271 3390 1
291 3341 309 3377 a
332 3325 487 3393 1999109911
506 3330 540 3378 19
562 3326 634 3379 tussi
657 3326 667 3394 t
690 3330 724 3379 19
751 3330 786 3380 cd
813 3326 940 3396 pluribus
954 3330 964 3396 ΙΙ
978 3331 1011 3380 17
1039 3315 1176 3388 radicemlt

171 3401 204 3450 18
232 3410 342 3464 myrrae
368 3399 372 3466 Ι
397 3397 573 3466 complicatos
597 3405 630 3467 po
660 3391 689 3450 δ’
709 3397 747 3449 Μ
771 3398 843 3466 (cum
872 3397 1023 3466 Pelopom‘o
1050 3391 1175 3451 99999000

174 3467 248 3536 ch.)
276 3468 285 3536 ΙΙ
314 3473 346 3522 19
365 3467 497 3522 cocliaria
520 3470 529 3537 ΙΙ
552 3474 661 3522 20999
684 3469 887 3536 1122ογ919999
910 3469 920 3535 ΙΙ
943 3466 1093 3522 2409111οο
1115 3465 1175 3536 999

169 3539 242 3604 quod
257 3539 267 3608 11
281 3543 313 3591 31
333 3554 444 3609 myrrae
