2558 3894
542 111 759 175 -34-

144 276 255 336 nimius
279 275 402 353 sanguis
421 273 562 352 eruperit,
585 275 692 350 pannis
711 274 854 335 mollibus
874 276 986 352 carptis
1005 296 1076 336 cum
1093 279 1166 339 oleo

144 368 176 424 et
199 366 283 424 aceto
307 367 338 424 et
360 363 474 424 salibus
496 363 621 422 minutis
650 368 680 423 et
707 383 776 424 oum
805 366 935 424 stercore
963 365 1059 442 ipsius
1088 369 1169 443 equi

144 453 307 513 articulum
330 473 399 512 cum
420 452 537 530 ungula
560 453 706 531 alligabis.
737 455 806 529 post
829 453 954 512 tertium
976 454 1056 512 diem
1079 457 1166 515 cale·
1265 479 1266 522 t

144 543 290 602 factiones
309 542 409 602 facies
447 541 473 599 si
491 560 559 600 caro
579 541 749 619 excreverit,
774 544 830 600 aut
849 541 980 618 styptica
999 545 1054 601 aut
1073 545 1166 603 trau·
1265 587 1266 592 η

143 632 254 692 matico
277 631 372 690 uteris
401 629 581 706 saepiusque
608 631 750 705 scalpello
778 649 902 689 cornum
929 633 1062 709 ungulae
1085 651 1166 707 pur-
1195 646 1206 686 s

144 725 216 799 gato
236 723 267 780 et
285 720 394 797 tollito,
412 722 449 777 ut
467 719 635 795 aequaliter
653 720 773 778 crescat.
807 721 881 778 tunc
894 720 1045 797 malagma
1064 722 1167 782 cruda

144 809 239 868 uteris
263 811 294 868 et
316 810 396 868 lente
420 808 574 868 ambulare
597 826 692 886 coges.
730 807 893 867 novissima
916 811 1019 867 antem
1040 809 1167 870 medela

145 899 191 957 est
212 897 341 975 inurere,
365 898 390 956 si
412 915 531 956 necesse
554 897 654 956 fuerit.
1266 881 1267 898 ¹

78 991 133 1048 257
211 985 290 1044 Item
312 985 338 1044 si
361 1003 457 1061 equus
479 986 512 1043 in
535 985 670 1044 articulis
690 987 744 1044 aut
763 985 855 1044 armis
874 985 1032 1044 crassiores
1050 1003 1166 1046 nervos

146 1075 201 1134 aut
224 1074 381 1134 tubercula
403 1073 557 1152 habuerit,
580 1075 665 1132 inure
690 1073 716 1132 si
738 1091 856 1134 necesse
879 1074 984 1152 fuerit,
1013 1076 1068 1132 aut
1091 1074 1119 1132 si
1146 1095 1167 1134 a
1183 1093 1207 1131 rc

145 1163 220 1224 locis
251 1163 442 1242 compagines
470 1162 667 1222 articulorum
699 1163 889 1240 recesserint,
917 1182 954 1221 ex
980 1163 1164 1224 necessitate

146 1253 270 1331 sanguis
297 1252 478 1312 emittendus
507 1253 553 1310 est
580 1253 611 1310 et
641 1252 708 1311 loca
735 1251 802 1327 ipsa
835 1251 952 1310 minute
980 1251 1164 1312 scarifanda.

145 1346 218 1402 tunc
237 1342 343 1402 similis
361 1359 434 1400 cura
453 1339 625 1399 adhibetur:
647 1340 750 1399 lanam
768 1341 903 1399 sucidam
921 1342 952 1399 et
971 1339 1165 1400 oleumcum

146 1434 231 1491 aceto
255 1429 391 1490 articulis
414 1428 560 1504 imponito
583 1447 637 1504 per
659 1428 721 1487 dies
746 1431 900 1507 quattuor,
922 1428 967 1487 ita
990 1431 1027 1487 ut
1049 1429 1164 1489 cotidie

145 1538 239 1581 cures.
285 1520 355 1596 post
387 1518 484 1578 calido
516 1517 711 1576 medicamine
744 1517 894 1577 solidandi
925 1520 997 1576 sunt
1029 1517 1164 1596 articuli,
1180 1532 1205 1573 15

145 1611 232 1670 cuius
268 1609 342 1668 haec
379 1609 425 1667 est
461 1605 651 1684 compositio:
684 1605 797 1681 sinapis
835 1606 907 1665 sext.
941 1608 972 1665 et
1009 1606 1164 1666 scordium

145 1699 178 1756 in
200 1717 296 1756 unum
315 1697 473 1773 contunde,
497 1699 553 1754 ant
571 1695 597 1754 si
614 1694 819 1754 vehementius
839 1695 1001 1754 calefacere
1019 1696 1164 1773 volueris,

146 1787 239 1845 etiam
257 1785 380 1862 galbani
402 1816 439 1826 -
460 1784 507 1843 ΙΠ
526 1804 595 1844 oum
613 1783 719 1843 uetans
738 1783 951 1859 suprascriptis
968 1783 1164 1862 misceantur,

146 1872 297 1934 medullae
321 1872 457 1931 cervinae
478 1903 518 1913 —
538 1873 584 1930 ΙΠ
608 1875 638 1931 et
660 1871 739 1931 aceti
762 1873 843 1948 quod
866 1871 985 1931 sufficit.

83 1965 140 2022 258
217 1960 294 2019 Item
318 1960 343 2019 si
366 1978 462 2035 equus
480 1959 512 2016 in
531 1960 666 2019 articulis
689 1960 793 2019 autin
812 1961 902 2020 armis
922 1978 1037 2020 crassos
1055 1979 1165 2021 nervos
1179 1975 1204 2014 ²0
1269 1944 1270 2012 i

145 2049 294 2128 habuerit,
309 2047 432 2126 sanguis
447 2068 482 2106 ex
495 2047 673 2108 necessitate
685 2049 720 2108 de
730 2048 795 2125 ipso
805 2049 880 2125 pede
895 2049 1099 2108 detrahendus
1114 2053 1163 2109 est
1269 2057 1270 2064 ’

147 2142 178 2200 et
196 2157 277 2214 aqua
295 2137 393 2197 calida
411 2136 578 2195 diutissime
597 2137 663 2196 loca
681 2137 748 2212 ipsa
766 2138 894 2198 fovenda
917 2138 989 2198 sunt
1011 2140 1042 2197 et
1061 2139 1164 2198 calida

146 2228 217 2288 vino
232 2229 263 2286 et
277 2228 343 2287 oleo
358 2225 469 2285 cibario
483 2246 538 2303 per
550 2225 613 2284 dies
632 2225 766 2303 quinque
780 2226 972 2286 confricanda
985 2229 1065 2286 sunt.
1089 2230 1165 2286 tunc

148 2318 174 2376 si
197 2334 298 2376 armus
321 2317 353 2374 in
376 2333 468 2375 causa
490 2314 590 2392 tuerit,
615 2314 647 2372 in
664 2315 811 2390 piscinam
830 2335 907 2395 eum,
930 2318 967 2374 ut
994 2317 1089 2393 natet,
1114 2316 1165 2375 de·

146 2406 230 2466 mitti
258 2407 365 2482 placet.
409 2405 435 2464 si
451 2404 526 2463 nihil
548 2403 710 2481 profuerit,
732 2403 910 2464 necessitate
930 2406 1057 2482 cogente
1079 2404 1164 2463 urito
1180 2413 1205 2456 25

147 2497 339 2558 reticulatim.
377 2498 448 2554 usta
471 2495 576 2554 curato
599 2494 637 2550 ut
660 2510 750 2568 supra
774 2492 919 2568 scriptum
941 2485 1038 2571 (est).

83 2586 140 2646 259
217 2587 250 2646 Si
273 2585 467 2663 suffraginem
489 2583 630 2642 miseram
653 2583 708 2639 aut
725 2579 873 2640 tumidam
891 2580 1039 2658 habuerit,
1064 2580 1164 2640 cilicio

149 2676 321 2751 confricato,
345 2691 441 2749 usque
465 2690 534 2730 cum
557 2669 681 2747 sanguis
699 2668 839 2744 eiciatur3
862 2668 931 2728 inde
949 2669 1081 2728 farinam
1100 2670 1166 2729 ervi

148 2764 237 2821 melle
261 2777 453 2836 consparsam
474 2778 574 2835 panno
599 2758 721 2818 induces
752 2759 782 2816 et
809 2757 1003 2836 suffraginem
1030 2758 1110 2836 ligas
1135 2761 1166 2818 et

116 2917 122 2928 ι
148 2850 250 2908 triduo
273 2849 455 2924 permaneat.
1181 2857 1206 2898 so

83 2939 143 2996 260
219 2936 296 2995 Item
319 2936 358 2995 ad
381 2952 515 3013 ozaenas,
538 2935 677 3011 apopiras
696 2935 849 3012 Pelagoni.
886 2953 995 3011 panem
1016 2935 1169 2994 cibarium

150 3027 183 3084 in
202 3043 314 3102 aquam
332 3023 484 3083 infundite
503 3025 534 3082 et
551 3026 657 3099 postea
674 3025 707 3082 in
724 3023 869 3084 mortario
889 3025 967 3083 teres
985 3024 1018 3082 in
1040 3026 1169 3084 modum

223 3200 240 3249 8
258 3193 363 3250 inurirc
381 3195 391 3264 ΙΙ
413 3199 445 3249 15
470 3190 574 3248 callido
591 3193 601 3262 ΙΙ
621 3197 654 3247 16
678 3193 731 3246 hec
757 3195 762 3260 Ι
787 3190 926 3259 caedraco
943 3190 1167 3264 κεκαθαρμένον

150 3268 248 3336 λίτραν
268 3262 298 3320 α’
315 3265 350 3321 Η
353 3265 382 3320 Ρ
407 3263 545 3331 candacae
563 3261 780 3332 κεκαθαρμένης
797 3267 820 3317 λ.
840 3261 873 3316 α’
887 3263 941 3333 Ml
957 3265 1088 3319 scordam
1103 3267 1168 3335 (mn.

151 3337 237 3404 ΗΜ)
251 3337 262 3405 l
277 3341 309 3390 18
328 3351 393 3390 oum
410 3335 514 3388 ueteris
533 3337 561 3388 ii
584 3337 594 3403 Ι]
616 3339 650 3387 22
670 3333 774 3386 callida
798 3333 804 3401 Ι
828 3339 862 3386 23
882 3333 987 3388 callida
1005 3334 1033 3390 R
1070 3335 1168 3390 calido

152 3406 248 3462 Sorct.
264 3406 269 3476 1
285 3403 462 3474 confrigandi
474 3406 484 3473 u
497 3409 531 3457 24
539 3402 646 3458 dimitti
659 3404 668 3471 l
682 3407 717 3456 26
726 3403 759 3456 ut
766 3407 801 3457 ἴε.
816 3404 826 3471 ΙΙ
839 3408 874 3458 28
884 3403 1042 3474 confrigato
1058 3407 1062 3471 Ι
1080 3405 1168 3459 eicia-

151 3477 208 3547 tur]
227 3476 313 3543 fuera‘t
332 3474 483 3543 eliciatur}
498 3473 579 3528 herbi
592 3476 602 3543 l
616 3479 648 3525 31
669 3471 762 3526 ozinas
