2558 3894
544 133 763 197 „74-

146 317 233 360 neres
247 296 424 377 fumigabis3
444 296 470 356 si
488 316 542 373 per
559 298 719 376 veretrum,
738 298 856 376 gallum
874 300 905 357 et
919 300 1057 358 oetrrlum
1071 299 1163 359 simul

147 389 178 448 in
211 407 292 465 equs
329 384 471 463 decoquis
508 385 698 462 celatamque
737 405 849 462 equam
886 388 1041 464 sulphuris
1074 389 1163 467 drag-

146 496 211 538 mae
237 473 306 554 [ss]
330 475 481 554 levigetee
504 474 641 535 miscebis
660 493 786 552 eamque
807 476 962 552 potionem
984 477 1016 535 in
1040 494 1073 536 os
1098 478 1164 536 eius

146 566 286 627 infundes
309 584 363 642 per
385 564 448 624 dies
471 564 629 624 continuos
652 583 767 624 novem.

78 661 135 720 206
212 654 261 716 Ad
282 653 406 714 initium
429 652 559 730 suspirii.
596 671 711 712 vermes
734 653 770 714 de
797 653 925 730 pistrino
953 657 1070 731 septem
1094 674 1166 714 cum
1193 666 1206 706 ⁵

146 743 209 806 vini
233 743 350 820 cyathis
369 742 440 820 VH,
472 742 536 802 ovis
564 741 694 820 duobus,
719 742 777 802 olei
805 743 922 818 cyathis
944 743 975 802 Π
1001 743 1166 820 tepefactis

148 832 239 892 simul
262 834 293 892 et
315 831 456 910 levigetis
479 850 533 908 per
555 848 642 890 neres
665 830 825 891 iniimdito.

78 927 133 985 sot
212 919 261 982 Ad
290 921 361 997 equi
393 919 564 997 suspirium.
611 919 694 996 pessi
722 918 832 980 Cretici
864 922 950 997 sext,
979 919 1033 978 iris
1061 921 1166 996 lllyri-

146 1027 197 1070 eue
218 1039 273 1089 -,
297 1009 409 1087 piperis
431 1041 485 1088 —,
510 1008 588 1069 croci
610 1028 687 1086 unc,
710 1028 831 1068 murrae
854 1009 987 1087 troglitis
1011 1041 1060 1087 -,
1083 1011 1167 1068 turis

145 1097 297 1177 pollinem,
313 1098 465 1159 trecenthi
486 1130 535 1175 —,
554 1117 631 1159 uvae
650 1116 757 1174 passae
781 1096 828 1173 [in
846 1098 906 1157 elio
930 1098 984 1158 sic:
1008 1117 1087 1158 uvae
1107 1097 1208 1174 V]:10

144 1187 217 1248 hese
237 1187 338 1249 omnis
355 1186 527 1248 commisces
547 1189 577 1246 et
595 1189 701 1263 postes
718 1187 821 1246 fauces
840 1186 905 1246 eius
924 1187 1021 1264 melle,
1040 1186 1167 1266 butyro,

145 1277 285 1356 exungia,
309 1276 371 1337 sele
394 1276 510 1336 modico
534 1269 712 1352 †evenobis.

78 1362 135 1420 208
212 1365 261 1426 Ad
280 1363 444 1442 suspirium
461 1363 689 1442 validissimum,
708 1363 824 1440 dequo
844 1364 937 1423 etism
955 1367 986 1424 et
1004 1366 1167 1441 suspendit

145 1455 199 1516 ilic
227 1457 259 1516 et
287 1452 389 1515 oculos
417 1453 465 1514 vel
494 1453 615 1513 oculum
643 1453 782 1513 dextrum
812 1453 981 1513 coloratum
1012 1453 1166 1532 hebuerit,

145 1562 363 1621 nonnunquam
386 1541 478 1602 etism
501 1541 656 1601 maxillam
683 1541 888 1621 tumidiorem,
911 1541 1045 1601 incessus
1069 1542 1167 1602 etiam
1182 1554 1208 1594 1⁵

145 1653 205 1695 non
228 1634 333 1694 rectos.
366 1631 445 1692 inter
467 1631 556 1690 initis
574 1631 630 1690 hoo
647 1631 764 1689 melum
782 1630 872 1690 citius
890 1631 985 1690 nimis
1003 1631 1168 1708 diligentie

145 1722 307 1782 sedabitur.
345 1720 499 1782 considere
518 1718 705 1798 diligentius:
730 1720 756 1778 si
774 1720 878 1778 dextre
891 1738 961 1796 pers
984 1719 1078 1780 fuerit
1095 1739 1166 1779 our-

148 1811 229 1886 vsts,
250 1808 416 1886 tenebitur,
436 1809 462 1868 si
481 1809 611 1887 sinistre,
634 1808 756 1868 difficile
775 1808 969 1868 obtinebitur.
993 1808 1167 1868 adhibenda

144 1897 216 1957 sunt
244 1899 347 1957 tomen
375 1897 456 1956 haec.
499 1897 656 1957 duodecim
688 1915 779 1958 venes
812 1916 913 1957 omnes
943 1897 1014 1974 equi
1042 1897 1165 1977 solvito,

144 1983 247 2046 itaut
270 1984 306 2044 de
331 1983 485 2061 quaternis
509 1985 686 2062 sanguinem
709 1987 849 2046 detrahes
876 2006 930 2062 per
956 1986 1105 2064 triduum,
1132 1990 1165 2047 et
1180 1997 1207 2037 ²⁰

144 2073 229 2134 debis
256 2074 333 2133 hsno
360 2071 525 2149 potionem:
554 2074 633 2134 croci
661 2070 761 2155 <->,
793 2094 913 2134 murrae
945 2075 1078 2154 troglitis
1106 2107 1165 2153 —,

147 2163 246 2240 spicue
265 2161 352 2222 nardi
374 2193 427 2239 —,
451 2162 563 2238 piperis
592 2163 654 2222 olbi
673 2195 728 2242 -,
753 2183 851 2240 eques
873 2164 989 2224 mulsae
1014 2166 1086 2223 sext.
1105 2164 1168 2244 HI,

146 2251 204 2313 olei
232 2251 341 2312 veteris
369 2252 441 2311 sext.
462 2251 491 2329 I,
519 2251 583 2312 vini
609 2252 719 2312 veteris
747 2256 833 2331 sext,
858 2253 917 2313 olei
939 2253 1052 2312 laurini
1074 2253 1168 2332 hem,

145 2340 204 2401 olei
222 2340 330 2401 rosseii
345 2339 437 2420 selib,
453 2341 573 2400 lentisci
590 2341 665 2401 hem.
687 2341 787 2401 omniu
805 2341 838 2399 in
860 2361 973 2402 novum
991 2361 1046 2402 ves
1064 2341 1166 2402 mittis

145 2431 176 2490 et
210 2431 347 2490 uetulum
374 2429 490 2491 dierum
522 2430 550 2488 X
582 2449 651 2489 cum
686 2430 756 2490 fevo
788 2430 894 2490 misces
927 2431 976 2491 vel
1003 2431 1102 2490 mulso
1133 2433 1167 2490 et
1181 2439 1205 2478 2⁵

145 2539 200 2580 ovo
220 2518 242 2578 I.
280 2520 385 2581 diebus
413 2519 563 2580 continuis
592 2517 676 2578 debis
699 2518 853 2595 potionem
876 2519 1120 2596 suprascriptum.

211 2607 260 2669 Ad
288 2608 464 2686 suspirium,
494 2607 576 2684 quod
608 2626 644 2666 ex
675 2607 768 2666 nimio
801 2607 908 2668 sudore
936 2607 1084 2685 nuscitur,
1112 2608 1166 2668 vel

78 2689 213 2774 sos<si>
239 2716 275 2755 ex
297 2697 389 2755 nimio
414 2694 543 2770 suspirio
562 2694 655 2754 sudor
681 2697 712 2754 et
739 2715 957 2772 nonnunquam
988 2697 1082 2756 etism
1108 2716 1167 2773 per

144 2800 231 2844 neres
259 2784 421 2859 purulente
449 2785 603 2857 apparent.
639 2782 710 2843 huic
733 2783 866 2860 passioni
888 2785 973 2861 potio
1002 2785 1076 2844 haee
1104 2784 1166 2843 erit

145 2869 315 2946 aptissime:
337 2869 420 2946 pessi
448 2868 558 2928 Oretici
587 2875 659 2931 sext.
689 2889 720 2949 s,
743 2873 881 2933 costi-
900 2873 958 2952 III,
986 2872 1068 2932 floris
1091 2873 1164 2949 hys-
1178 2884 1203 2922 ⁸⁰

199 3020 379 3089 idequoquis
393 3023 402 3090 ΙΙ
417 3017 541 3102 silliriep
554 3021 564 3090 ΙΙ
578 3022 692 3077 torocei
709 3025 713 3089 Ι
730 3039 838 3091 myrrae
852 3025 862 3092 ΙΙ
877 3028 909 3077 10
915 3040 997 3093 passe
1011 3025 1020 3093 l
1036 3029 1069 3077 12
1078 3039 1164 3078 asun-

145 3091 217 3163 gisfl
233 3098 265 3147 16
283 3097 377 3146 rectus
391 3093 400 3160 ΙΙ
417 3097 448 3146 17
463 3092 610 3145 considera
627 3094 740 3163 scripsi:
758 3093 954 3148 considerandi
972 3095 1001 3150 R
1034 3096 1163 3150 conside-

147 3163 265 3219 randum
284 3164 354 3218 coni.
374 3163 470 3218 Scrcb.
487 3163 492 3234 Ι
509 3162 608 3218 dexesa
624 3163 628 3230 Ι
645 3167 761 3220 curvata
779 3166 892 3234 scripsi:
910 3167 1032 3234 purgata
1046 3168 1055 3236 l
1070 3170 1105 3220 18
1125 3165 1162 3219 si-

145 3233 238 3288 nixtra
256 3236 266 3303 l
285 3239 318 3288 le
337 3233 389 3288 hec
403 3235 412 3304 ΙΙ
427 3240 459 3288 21
479 3233 580 3289 mirrse
594 3235 604 3303 ΙΙ
617 3241 652 3289 24
670 3233 783 3289 lentisci
800 3235 874 3291 hem.
894 3236 921 3290 R
958 3243 1053 3305 φακῆς
1072 3235 1103 3302 ξέ
1116 3281 1122 3294 .
1135 3237 1165 3292 s'

145 3304 212 3359 ΗΡ
229 3305 264 3373 (b.
283 3321 305 3359 e.
323 3303 417 3371 lentis,
435 3306 550 3384 fortasse
568 3306 678 3374 rectius)
693 3307 750 3373 [125
774 3306 840 3361 fabo
863 3310 873 3377 l
891 3313 926 3362 2⁷
945 3307 1022 3374 quod
1040 3323 1059 3362 s
1078 3324 1167 3362 emes

475 3387 491 3424 e

145 3425 233 3482 nimio
251 3427 294 3482 13¹
311 3427 387 3494 quod
404 3441 422 3482 s
440 3443 524 3498 effi
539 3427 627 3482 nimio
642 3443 710 3482 corr.
728 3428 809 3484 Polit.
825 3430 882 3497 {129
902 3430 1049 3500 pululents
1065 3435 1070 3498 Ι
1086 3431 1141 3486 hee
1154 3431 1164 3503 ll

147 3504 181 3553 ³0
196 3498 278 3553 flores
295 3497 377 3566 ysopi
