2554 3900
549 124 745 186 ,4-

144 293 225 351 inter
241 291 324 350 viros
343 288 447 347 doctos
466 286 624 346 constabat
643 286 862 363 intellegetque
881 284 934 362 qui
951 285 1161 345 Florentinam

146 380 310 439 editionem
333 395 402 436 oum
425 366 777 456 meacomparaverit1).
824 373 941 433 duobus
965 375 1051 433 annis
1075 377 1160 434 ante-

147 487 238 544 quam
263 465 356 526 editio
379 465 434 522 illa
461 465 560 523 lucem
583 464 715 541 videret,
742 463 890 540 Iosephus
917 463 953 522 de
981 463 1161 522 Eichenfeld

145 554 387 615 Vindobonensis
410 555 632 612 commentatus
655 555 702 612 est
724 551 887 630 diligenter
909 552 946 611 de
965 552 1067 610 codice
1087 552 1160 612 olim

145 643 301 721 Bobiensi,
333 660 413 701 nunc
440 637 667 701 Vindobonensi
696 643 750 718 16,
783 641 870 699 cuius
904 641 1100 718 septuaginta
1129 644 1161 700 et

147 752 199 793 sex
217 733 291 792 folia
309 732 456 808 rescripta
474 723 586 810 sunsss).
620 731 641 790 f.
662 731 791 790 37—41
813 748 890 805 quae
909 729 1066 788 continent
1079 730 1161 806 frag·

146 824 249 881 menta
262 821 521 898 Hippiatricorum
535 820 713 879 Latinorum
732 819 780 880 vir
789 819 850 877 ¹ille
864 817 971 878 doctus
989 818 1160 895 liquoribus

147 911 287 969 chemicis
295 929 354 968 non
365 909 508 968 adhibitis
519 900 720 988 extricarit³).
739 907 998 966 tribuiturautem
1009 907 1160 984 scriptura

147 1000 230 1075 prior
248 999 369 1058 saeculo
383 998 411 1056 V
425 999 476 1057 vel
490 997 531 1055 Vl
538 1044 545 1075 ,
563 997 715 1074 posterior
728 997 848 1056 saeculo
862 996 938 1055 VIII
951 996 1001 1055 vel
1014 995 1066 1055 ΙΧ.
1099 996 1159 1055 iam

148 1087 229 1146 edito
253 1086 423 1146 Sarehianii
444 1086 521 1146 libro
545 1105 614 1146 oum
631 1085 790 1163 Pelagonii
806 1086 979 1162 fragmenta
998 1103 1062 1144 esse
1081 1084 1160 1144 idem

146 1177 194 1236 vir
216 1176 355 1251 vidisset,
384 1175 524 1235 editionis
547 1176 631 1234 illius
655 1193 812 1234 censuram
835 1173 955 1250 scripsit
982 1173 1160 1232 lectionum·

148 1284 207 1342 que
230 1264 468 1324 Vindobonensis
492 1267 523 1323 et
541 1263 731 1324 Riccardiani
751 1262 887 1323 codicum
905 1262 1160 1340 comparationem

147 1353 283 1412 instituit
315 1372 369 1412 nee
400 1371 461 1411 non
493 1353 554 1412 alia
586 1353 736 1430 quaedam
767 1353 804 1411 de
836 1351 1160 1429 Pelagonio·Vegetio

147 1441 344 1519 Hippialricis
368 1439 490 1501 Graecis
508 1442 630 1501 utiliter
648 1432 831 1520 disseruit4).
868 1443 941 1500 sunt
958 1444 1061 1499 autem
1080 1440 1161 1518 frag-

146 1535 251 1591 menta
278 1531 414 1609 capitum
441 1530 557 1606 XXVI,¹
581 1530 725 1608 XXVIII,
752 1529 906 1588 XXVIIII.
944 1529 1044 1604 capita
1071 1528 1161 1606 longe

149 1620 239 1679 aliter
261 1623 421 1680 numerata
443 1620 537 1679 fuisse
561 1639 652 1697 quam
680 1620 711 1677 in
738 1617 935 1677 Riccardiano
959 1618 1076 1676 numeri
1100 1617 1160 1676 duo

149 1709 261 1852 serpiati
279 1708 443 1783 CXLVIII,
464 1708 632 1768 GXLVIIII
651 1701 708 1787 (ε
727 1708 801 1767 408.
816 1709 879 1766 409
900 1724 985 1765 meae
1004 1698 1162 1787 editionis)

148 1813 202 1870 pro
224 1798 288 1853 unt.

224 2000 251 2067 1)
271 1997 402 2053 Codicem
422 1999 530 2054 excussi
548 2016 573 2053 a.
590 2005 671 2066 1890,
691 1999 787 2068 capita
801 2000 907 2054 selecta
919 1999 1071 2070 recognovi
1089 2015 1164 2054 anno

152 2069 201 2138 qui
215 2070 326 2124 secutus
337 2072 388 2125 est.
408 2070 511 2124 menda
520 2069 652 2125 editionis
661 2070 840 2125 Florentinae
851 2070 921 2125 talia
931 2073 1008 2126 sunt:
1028 2075 1061 2124 18
1068 2072 1164 2140 paleis

154 2142 310 2210 Pelopem'a
328 2143 467 2211 propinas
490 2142 590 2210 (codex
605 2142 701 2212 ,puleio
719 2143 853 2213 Pelopona'
870 2144 1027 2211 apops'rae),
1051 2148 1085 2197 66
1102 2159 1165 2211 per-

150 2213 266 2267 mictem
281 2214 352 2278 (cod.
365 2213 524 2281 pinsitam),
544 2218 578 2268 98
597 2214 729 2268 columbis
747 2214 820 2282 (cod.
835 2215 981 2282 coliculis),
1002 2219 1051 2268 127
1071 2229 1165 2269 aereae

150 2282 223 2351 (eod.
238 2284 373 2352 iaceas),
393 2289 427 2337 48
442 2285 473 2338 e'a
487 2285 584 2353 pedem
597 2283 668 2353 (eod.
683 2285 828 2353 incedere),
849 2288 900 2339 168
914 2286 1031 2350 sueciam
1044 2285 1165 2340 mundae

150 2369 250 2422 caepae
267 2354 357 2494 §petiae
375 2354 447 2422 (cod.
466 2355 559 2423 faccee
581 2356 681 2410 munde
698 2372 781 2424 caepe
798 2355 879 2427 tpTa),
903 2361 955 2411 862
973 2357 1071 2411 iuncta
1089 2354 1163 2424 (cod.

149 2426 271 2480 imperita
300 2424 365 2478 aia.

221 2500 248 2565 2)
276 2496 451 2550 Jahrbiicher
479 2496 528 2550 der
556 2495 700 2551 Literatur
726 2496 857 2566 (Vindob.
880 2501 960 2566 1824)
989 2496 1045 2552 vol.
1071 2495 1163 2551 XXVI

148 2566 348 2636 Anaeigeblatt
374 2585 400 2636 p.
426 2575 460 2623 20
475 2585 531 2636 seq.
575 2566 742 2637 subscriptio
766 2570 809 2622 est
831 2569 916 2623 Liber
939 2570 1029 2623 caudi
1058 2567 1164 2623 Gelam·

150 2639 218 2692 beai
245 2641 277 2693 de
303 2639 402 2693 Bobio.
440 2655 474 2692 ex
500 2640 671 2694 monasterio
699 2639 887 2708 Neapolitano
916 2638 946 2694 s,
965 2639 1096 2693 Iohannis
1128 2640 1163 2694 de

150 2709 322 2763 Carbonaria
340 2710 495 2763 translatus
523 2712 567 2764 est
592 2710 621 2764 in
647 2710 848 2765 bibliothecam
873 2709 1034 2765 Palatinam
1057 2709 1163 2765 Vindo-

149 2779 310 2833 bonensem.
337 2779 377 2832 St.
392 2778 556 2845 Endlicher‚
571 2776 661 2836 (ialal.
674 2782 755 2836 codd.
766 2781 828 2836 latt.
841 2780 1032 2836 bibliothecae
1042 2781 1163 2837 vindob.

149 2849 186 2918 (a.
203 2849 283 2918 1838)
301 2866 327 2902 n.
339 2846 489 2903 cccxxn.
513 2848 637 2904 Tabulae
652 2850 732 2906 codd.
748 2868 798 2906 ms.
813 2853 1002 2907 bibliothecae
1015 2851 1135 2908 Vindob.
1151 2851 1164 2905 I

150 2920 244 3000 (1884)
264 2938 290 2972 n.
307 2924 349 2973 18.
378 2920 454 2974 idem
468 2919 595 2975 continet
608 2920 714 2976 Lucani
728 2921 893 2978 Pharsaliae
909 2924 1071 2993 fragmenta
1088 2924 1162 2978 anti-

150 3005 293 3058 quissrma.

221 3062 249 3129 8)
271 3060 408 3115 Aecurate
432 3059 637 3131 diligenterque
660 3062 884 3118 Eichenfeldium
910 3064 1069 3133 fragmenta
1087 3063 1164 3120 lectu

149 3129 278 3184 difficilia
287 3131 469 3200 descripsisse
480 3149 543 3187 cum
558 3132 673 3190 Carolus
684 3134 806 3189 Schenkl
819 3133 890 3190 mihi
905 3135 973 3189 olim
985 3151 1037 3205 per
1050 3135 1162 3192 litteras

150 3201 304 3257 affirmavit
321 3205 381 3256 tum
396 3201 458 3273 ipse
475 3220 576 3273 nuper,
596 3223 657 3260 cum
673 3207 798 3262 codicem
812 3207 1012 3275 examinarem,
1032 3210 1163 3277 expertus

150 3290 219 3327 sum.
251 3273 286 3327 de
303 3274 402 3343 paucis
421 3273 587 3344 quibusdam
606 3293 678 3346 quae
697 3275 781 3334 aliter
799 3278 921 3348 legenda
939 3293 1000 3332 esse
1019 3279 1115 3334 censui
1133 3278 1163 3334 in

150 3343 335 3398 adnotatione
354 3344 453 3400 critica
470 3346 577 3401 dictum
595 3353 646 3405 est.

221 3417 249 3482 4)
272 3415 394 3472 Annales
412 3415 620 3476 vindobonam.
644 3426 679 3475 44
702 3439 730 3490 p.
751 3425 801 3474 141
818 3437 875 3489 seq.
900 3418 944 3488 (cf.
964 3420 1164 3493 Anaeigeblatt

148 3501 176 3554 p.
196 3490 230 3540 46
245 3488 313 3556 seq.)
