2554 3900
559 195 750 258 ..6-

150 363 249 423 babile
265 363 319 421 cst.
343 379 379 419 ex
393 357 502 436 quibus
517 358 739 435 excerptionem
752 357 943 434 Hippiatrica
959 358 1074 419 Graeca
1085 377 1166 436 quae

150 453 299 513 vocantur
321 451 519 510 servaverunt
541 447 659 508 duobus
681 446 767 506 libris
795 448 1010 523 comprehensa
1038 451 1165 508 auctore

151 543 264 619 ignoto.
309 538 391 618 quod
420 535 618 597 Constantino
651 536 939 614 Porphyrogenneto
973 538 1095 596 auctore
1129 541 1167 598 ut

153 629 326 706 Geoponioa
340 646 418 706 quae
432 626 526 704 vulgo
540 626 747 703 appellantur,
765 625 877 684 rectius
897 622 1008 704 αἱπερὶ
1021 625 1167 705 γεωργίας

152 717 270 798 intepet
290 715 504 792 inscribuntur,
533 714 663 792 aliaque,
686 714 731 773 ita
754 713 847 774 etiam
869 713 1062 790 Hippiatrica
1085 733 1166 774 com·

151 808 248 884 pilata
270 825 334 865 esse
358 804 497 880 credunt,
525 803 614 862 certis
638 803 760 880 quidem
783 803 969 878 argumentis
993 802 1166 864 confirmari

152 898 253 970 potest
271 894 376 970 nullis,
400 893 453 952 sed
471 910 540 951 cum
559 891 662 969 aliqua
685 891 899 966 probabilitate
918 891 1057 952 concludi
1076 911 1165 968 posse

151 1002 212 1043 non
234 973 411 1063 negariml).
448 980 515 1041 dico
539 982 643 1040 autem
661 980 853 1056 Hippiatrica
872 980 1012 1041 editionis
1033 980 1166 1042 Simonis

152 1071 285 1149 Grynaei
312 1070 410 1130 adhuc
437 1069 557 1146 unicae,
590 1088 667 1147 quae
694 1069 726 1127 in
754 1069 852 1128 lucem
883 1069 998 1146 prodiit
1024 1069 1165 1131 Basileae

152 1180 178 1220 a.
191 1162 286 1238 1537,
304 1162 467 1237 postquam
487 1177 512 1218 a.
525 1160 611 1220 1530
626 1159 774 1219 Iohannes
788 1152 960 1239 Ruellius²)
975 1158 1007 1217 in
1020 1158 1167 1220 Latinum

152 1267 319 1309 sermonem
328 1264 472 1307 conversa
482 1247 625 1307 ediderat.
643 1265 741 1325 neque
750 1247 821 1306 huic
829 1266 928 1324 neque
939 1247 1028 1307 alteri
1038 1246 1166 1326 Hippia-

151 1338 298 1399 tricorum
319 1336 499 1410 recensioni,
528 1337 563 1396 de
592 1355 653 1414 qua
675 1336 755 1394 infra
777 1336 938 1395 dicendum
961 1336 1031 1413 crit,
1058 1357 1166 1413 prooe-

152 1429 247 1488 mium
260 1427 459 1505 praemissum
473 1432 526 1485 est.
554 1425 581 1484 is
596 1428 699 1484 autem
713 1424 849 1502 scriptor,
864 1425 915 1484 cui
928 1427 1018 1504 longe
1031 1426 1166 1501 plurima

151 1517 412 1596 Hippiatricorum
444 1515 605 1593 debentur,
642 1513 795 1590 Apsyrtns
827 1517 875 1573 est
906 1513 1082 1575 Prnsaensis
1117 1518 1167 1579 vel

151 1607 402 1685 Nicomediensis,
430 1605 466 1664 de
494 1623 554 1683 quo
579 1603 690 1664 Suidae
715 1594 753 1684 (s.
775 1597 818 1683 r.)
846 1602 1055 1664 testimonium
1082 1608 1167 1666 extat

152 1695 221 1754 hcc:
245 1692 413 1776 Ἄψυρτος,
435 1691 612 1774 Προνσαεὺς
636 1687 720 1771 (lii)
744 1690 949 1769 Νικομηδεύς,
978 1692 1167 1772 στρατιώτης,

153 1784 400 1862 στρατευσάμενος
423 1779 471 1841 ἐπὶ
494 1781 723 1842 Κανσταντίνον
746 1788 799 1841 τοῦ
822 1779 964 1858 βασιλέως
986 1778 1019 1840 ἐν
1041 1784 1166 1866 Σκυθία

152 1868 232 1951 παρὰ
260 1869 311 1930 τὸν
330 1866 455 1950 Ἴστρον.
493 1867 680 1950 ἱππιατριπὸν
707 1869 826 1948 βιβλίον
858 1861 946 1940 οὗτος
973 1867 1083 1951 ἔγραψε
1116 1871 1167 1932 καὶ

152 1956 282 2038 φυσικὸν
308 1955 376 2038 περὶ
402 1965 461 2017 τῶν
489 1956 587 2017 αὐτῶν
615 1955 742 2038 ἀλόγων·
774 1956 825 2018 καὶ
852 1950 974 2038 ἕτεραῧ).
1020 1960 1168 2023 militavit

152 2048 249 2127 igitur
263 2049 318 2108 snb
333 2047 531 2107 Constantino
553 2047 661 2124 Magno
678 2078 718 2086 —
734 2065 805 2105 nam
823 2047 919 2107 alium
934 2046 1168 2110 Constantinum

153 2137 276 2198 subesse
295 2136 376 2214 quod
399 2155 436 2195 ex
453 2135 605 2212 prioribus
624 2136 747 2212 quidam
765 2136 941 2214 voluerunt,
966 2137 1086 2198 omnino
1105 2159 1168 2198 non

153 2226 437 2287 cstcurcredamus
453 2225 548 2284 -ad
565 2225 691 2302 Istrum,
711 2225 791 2303 quod
810 2226 874 2301 ipse
893 2245 1013 2303 quoque
1033 2230 1168 2287 testatur

152 2315 243 2391 Hipp.
266 2335 295 2392 p.
317 2317 333 2373 1
359 2315 440 2374 hisce
462 2313 574 2374 verbis:
603 2313 863 2394 Στρατεασάμενος
893 2313 926 2374 ἐν
953 2319 1014 2386 τοῖς
1041 2315 1169 2396 τάγμασι

152 2409 215 2476 τοῖς
243 2399 291 2464 ἐπὶ
318 2411 370 2464 τοῦ
393 2398 510 2485 Ἴστρου
537 2410 671 2481 ποταμοῦ
700 2400 794 2482 ἔγνων
820 2400 856 2463 τὰ
880 2404 1083 2482 συμβαίνοντα
1105 2411 1168 2478 τοῖς

153 2493 254 2566 ἵπποις
282 2497 355 2573 κτλ.,
388 2494 569 2571 quibuscum
595 2491 793 2552 conferendus
822 2493 900 2552 alter
926 2495 1010 2553 locus
1038 2515 1066 2570 p.
1091 2498 1167 2555 113:

153 2581 248 2664 ἔγνων
271 2580 303 2644 δὲ
326 2579 382 2665 ἐγὼ
405 2581 563 2644 καὶτοῦτο
587 2579 666 2663 παρὰ
689 2580 860 2662 Σαρμάταις
884 2575 935 2661 (cf.
955 2583 1056 2660 Pelag.
1079 2577 1166 2663 151).

153 2677 259 2732 contre
278 2673 392 2733 Gothos
410 2674 442 2731 in
461 2673 669 2731 Sarmatarum
687 2674 769 2731 terra
783 2669 1016 2730 Constantinum
1035 2672 1168 2733 feliciter

153 2779 304 2837 pugnasse
328 2779 353 2818 a.
375 2762 550 2820 332-334
574 2752 726 2839 scimus4).
764 2760 907 2836 posthoc
926 2760 1023 2838 igitur
1044 2763 1167 2838 tempus

227 2931 252 2999 l)
272 2927 307 2983 ef.
327 2927 413 2995 Odor,
432 2926 504 2980 Mus.
522 2926 611 2980 Rhea.
631 2932 665 2980 45
684 2944 710 2995 p.
727 2932 759 2982 dl
780 2926 845 2982 adn.
862 2934 884 2982 1.

225 3001 252 3069 2)
270 2997 465 3054 Veterinariae
480 2996 635 3051 medicinae
654 2995 721 3050 libri
734 2996 761 3052 ΙΙ
778 2997 901 3054 Iohanne
915 2999 1027 3055 Ruellio
1042 2999 1167 3058 Suessio-

154 3071 233 3126 nensi
255 3069 418 3139 interprete.
452 3065 567 3122 Parisiis
592 3073 669 3122 1530.
706 3069 848 3124 consentit
873 3070 932 3125 fere
956 3087 1020 3125 oum
1043 3069 1167 3142 Grynaei

154 3141 286 3211 editione,
300 3141 349 3195 nbi
359 3142 469 3195 tantum
485 3137 586 3194 desunt
603 3140 742 3195 tractatus
757 3141 811 3195 duo
830 3141 948 3210 metrici,
964 3141 1013 3211 qui
1032 3143 1167 3198 extabant

153 3212 183 3266 in
201 3211 296 3267 codice
314 3229 332 3266 a
350 3211 461 3266 Ruellio
480 3209 615 3267 adhibito.

226 3284 253 3353 3)
262 3282 303 3337 De
313 3283 436 3352 Apsyrta
447 3279 580 3351 Bithynia
590 3297 769 3351 programma
778 3282 891 3353 scripsit
900 3281 1012 3338 Curtius
1020 3283 1167 3355 Sprengel,

154 3353 243 3408 Halae
273 3360 349 3408 1832.
389 3353 422 3408 de
450 3353 549 3408 eodem
577 3353 611 3410 cf.
641 3353 803 3408 Schneider-i
831 3358 979 3410 comment.
1007 3354 1038 3409 in
1067 3357 1166 3426 Vrget.

155 3442 183 3495 p.
205 3430 246 3479 lc.
266 3431 300 3480 22
311 3443 368 3494 seq.
406 3424 578 3493 Eichenfeld,
597 3425 697 3479 Annal.
717 3424 872 3480 Vindobon.
893 3430 927 3480 44
945 3444 973 3495 p.
992 3430 1049 3482 1⁶4.

226 3497 254 3566 4)
264 3495 335 3552 Vide
345 3494 509 3552 testimonia
518 3497 593 3565 apud
604 3495 779 3564 Schillerum,
793 3495 895 3552 Histor.
909 3495 1039 3566 imperat.
1049 3498 1165 3554 Roman.

154 3567 180 3620 11
198 3585 225 3636 p.
241 3573 303 3624 220.
322 3574 383 3624 221.
415 3566 522 3623 nummi
541 3564 716 3622 constantini
739 3566 909 3622 demetiam
931 3569 1064 3623 ἀαιιοιανι
1086 3584 1166 3638 prae-
