2554 3900
512 161 733 228 ..25-

113 325 195 406 μήου
218 328 291 386 390.
321 343 411 400 66666
433 327 495 386 391
519 326 558 406 Β,
576 329 658 402 seponi
679 329 742 387 395
762 326 793 384 Β
816 323 924 399 (secem
945 326 997 401 R).
1036 345 1132 386 aecus.

114 416 231 475 chaelon
246 415 297 474 85.
312 415 413 489 clyton
429 417 501 474 188.
525 417 667 490 dymnian
685 415 745 475 ind.
765 434 829 492 cap.
844 405 1010 496 (7166671676
1023 416 1133 476 lemma

113 523 180 580 oap.
199 495 298 585 Vm).
330 505 578 578 1666666468.
609 507 669 564 irin
694 507 744 565 66.
780 505 941 564 melotidem
963 505 1038 565 448.
1069 507 1134 564 mo-

114 593 264 666 dodafnen
278 593 351 651 141.
386 593 532 652 6166617667
546 589 604 665 (==
618 592 795 668 synanchen)
812 595 862 654 97.
896 593 1046 653 sciendam
1060 585 1133 675 (leg.

113 672 263 761 16611666)
288 682 361 741 386.
397 682 599 754 spottomctem
621 683 694 741 448.
732 699 791 741 666.
814 682 893 758 plur.
911 683 1067 756 parotidas
1091 685 1132 742 68

116 761 185 851 (sed
197 771 348 843 parotides
363 771 412 830 57.
427 765 493 849 64).
525 769 716 830 heteroclita:
734 771 915 844 cataplasma
928 771 1043 847 primae
1059 773 1133 832 230.

117 859 193 918 260.
212 860 286 919 261.
305 860 379 917 448.
418 857 527 918 tertiae
550 859 624 917 414.
655 860 804 933 7661697776
826 858 940 935 primae
965 861 1133 921 156316.

117 949 182 1006 446
203 964 282 1023 saep.
325 946 433 1006 tertiae
458 949 530 1007 194.
555 949 618 1008 279
644 938 852 1029 (excolam).
894 949 959 1008 448
984 939 1035 1030 (ei.
1059 951 1135 1008 croci

117 1037 272 1110 drepanam
296 1037 369 1113 327,
393 1038 469 1095 croci
491 1037 630 1110 dracmas
653 1037 726 1096 369.
752 1028 840 1117 371).

184 1123 221 1182 In
243 1123 455 1202 coniugatione
479 1144 539 1184 non
561 1143 629 1184 raro
658 1145 694 1185 ea
720 1126 891 1202 temporum
913 1125 1049 1186 confusio
1073 1144 1133 1185 eer-

116 1212 213 1290 nitnr‚
245 1215 282 1270 ut
315 1213 388 1288 quid
419 1213 571 1292 scriptori,
609 1213 683 1289 quid
719 1214 832 1274 scribae
868 1213 1063 1274 tribuendum
1094 1213 1135 1272 sit

117 1319 227 1377 parum
253 1301 378 1378 liqueat.
425 1303 461 1362 ei.
485 1322 509 1362 e.
533 1322 576 1381 gr.
602 1305 642 1363 72
671 1305 862 1377 infandis..
886 1309 912 1362 et
937 1304 1029 1362 mittis
1052 1346 1087 1362 ..
1110 1307 1136 1361 ct

117 1395 204 1457 teres,
239 1391 380 1465 66166666
410 1436 450 1452 ..
482 1396 509 1451 61
541 1394 623 1468 teris3
662 1394 703 1452 73
731 1393 869 1466 infundes
895 1432 934 1452 ..
963 1395 989 1450 ct
1017 1391 1135 1468 dctcms;

118 1481 162 1539 74
185 1479 320 1552 infundis
342 1523 376 1538 ..
400 1481 490 1540 etsie
516 1485 601 1557 terem
634 1482 674 1541 75
699 1482 824 1542 tnndis.
844 1525 852 1541 .
870 1484 897 1539 et
918 1481 1135 1544 commisces..

117 1571 146 1627 et
167 1568 282 1636 tnndcs,
309 1567 618 1645 tnndes..etfacis;
651 1571 690 1628 76
715 1569 948 1641 decoqncs..et
971 1569 1135 1626 commisces

118 1659 146 1715 et
162 1657 268 1715 itcrmn
285 1657 384 1715 tmcdis
402 1660 429 1714 et
444 1658 533 1729 tacis:
552 1656 628 1714 talia
647 1655 784 1715 ducenta.
823 1674 901 1732 quae
920 1655 1135 1734 6661166161,

115 1743 231 1820 ubique
254 1745 316 1804 fere
335 1743 444 1805 codicis
461 1744 605 1804 lectiones
628 1742 753 1804 servavi.
793 1763 890 1819 neque
913 1743 1013 1804 minus
1036 1744 1069 1803 in
1092 1747 1132 1804 41

118 1833 233 1892 retinui
255 1835 427 1907 6666616676
449 1833 586 1892 detrahas
609 1837 635 1892 et
651 1834 788 1907 potiones
809 1836 864 1912 sic,
892 1833 1030 1910 quamvis
1052 1833 1137 1893 facili

116 1921 286 1981 mutatione
310 1921 399 1982 scribi
421 1921 518 1998 possit
534 1924 658 1996 potiano
679 1921 728 1981 vel
744 1923 885 2002 potiones,
908 1925 939 1982 et
962 1942 1040 2000 quae
1064 1925 1136 1982 sunt

119 2010 239 2070 similia.

187 2099 232 2158 De
255 2098 355 2158 dubiis
377 2099 482 2159 formis
505 2101 668 2178 omission,
687 2101 793 2174 papati
815 2101 876 2160 atti
898 2099 1027 2177 aliisque
1049 2101 1136 2159 nota·

116 2187 278 2247 bilioribus
301 2189 477 2249 consulendi
499 2192 571 2248 sunt
592 2189 717 2266 indices,
741 2207 871 2265 quorum
892 2189 1008 2265 primus
1032 2190 1078 2247 661
1100 2187 1136 2246 de
1192 2187 1197 2197 ’

118 2276 292 2337 nominibus
315 2277 457 2355 propriis,
486 2278 633 2338 secundus
661 2277 696 2336 de
724 2278 813 2336 rebus
836 2277 1052 2354 vocabulisque
1075 2296 1135 2335 me-

116 2365 328 2444 morabilibus,
357 2367 465 2425 tertius
492 2366 528 2425 de
555 2365 737 2443 ponderibus
765 2368 796 2425 et
817 2367 978 2444 mensuris,
1009 2367 1136 2442 quartus

119 2455 157 2514 de
190 2454 312 2515 Graecis
344 2454 499 2514 vocabulis
536 2474 572 2514 ex
607 2453 784 2532 fragmentis
821 2454 949 2512 maxime
982 2452 1136 2529 excerptis,

119 2543 247 2620 quintus
275 2543 311 2603 de
338 2543 375 2602 iis
404 2562 482 2621 quae
509 2544 541 2600 in
563 2541 782 2620 prolegomenis
810 2543 841 2600 et
867 2541 900 2598 in
923 2540 1136 2600 commentario

116 2633 299 2692 tractantur.
