<?xml version="1.0" encoding="UTF-8"?>
<!DOCTYPE html PUBLIC "-//W3C//DTD XHTML 1.0 Transitional//EN"
    "http://www.w3.org/TR/xhtml1/DTD/xhtml1-transitional.dtd">
<html xmlns="http://www.w3.org/1999/xhtml" xml:lang="en" lang="en">
 <head>
  <title>
</title>
<meta http-equiv="Content-Type" content="text/html;charset=utf-8" />
  <meta name='ocr-system' content='tesseract 3.04.00' />
  <meta name='ocr-capabilities' content='ocr_page ocr_carea ocr_par ocr_line ocrx_word'/>
</head>
<body>
  <div class='ocr_page' id='page_1' title='image "artisveterinari00pelagoog_0021.png"; bbox 0 0 2554 3900; ppageno 0'>
   <div class='ocr_carea' id='block_1_1' title="bbox 567 121 787 183">
    <p class='ocr_par' dir='ltr' id='par_1_1' title="bbox 567 121 787 183">
     <span class='ocr_line' id='line_1_1' title="bbox 567 121 787 183; baseline -0.009 -19"><span class='ocrx_word' id='word_1_1' title='bbox 567 121 787 183; x_wconf 63' lang='lat'><strong>„14-</strong></span> 
     </span>
    </p>
   </div>
   <div class='ocr_carea' id='block_1_2' title="bbox 164 282 1265 3023">
    <p class='ocr_par' dir='ltr' id='par_1_2' title="bbox 170 282 1191 627">
     <span class='ocr_line' id='line_1_2' title="bbox 171 282 1191 361; baseline -0.003 -16"><span class='ocrx_word' id='word_1_2' title='bbox 171 300 280 360; x_wconf 83' lang='lat' dir='ltr'><strong>corpus</strong></span> <span class='ocrx_word' id='word_1_3' title='bbox 295 284 454 361; x_wconf 76' lang='lat' dir='ltr'><strong>congessit.</strong></span> <span class='ocrx_word' id='word_1_4' title='bbox 486 303 585 360; x_wconf 89' lang='lat' dir='ltr'><strong>neque</strong></span> <span class='ocrx_word' id='word_1_5' title='bbox 598 283 654 343; x_wconf 89' lang='lat' dir='ltr'><strong>hoe</strong></span> <span class='ocrx_word' id='word_1_6' title='bbox 672 283 788 342; x_wconf 91' lang='lat' dir='ltr'><strong>nullius</strong></span> <span class='ocrx_word' id='word_1_7' title='bbox 806 282 950 342; x_wconf 77' lang='lat' dir='ltr'><strong>momenti</strong></span> <span class='ocrx_word' id='word_1_8' title='bbox 964 282 1086 342; x_wconf 89' lang='lat' dir='ltr'><strong>videtur</strong></span> <span class='ocrx_word' id='word_1_9' title='bbox 1104 283 1191 359; x_wconf 89' lang='lat' dir='ltr'><strong>quod</strong></span> 
     </span>
     <span class='ocr_line' id='line_1_3' title="bbox 170 371 1191 449; baseline -0.001 -17"><span class='ocrx_word' id='word_1_10' title='bbox 170 371 445 449; x_wconf 86' lang='lat' dir='ltr'><strong>Pelagonianorum</strong></span> <span class='ocrx_word' id='word_1_11' title='bbox 473 371 606 431; x_wconf 89' lang='lat' dir='ltr'><strong>remedia</strong></span> <span class='ocrx_word' id='word_1_12' title='bbox 633 391 693 432; x_wconf 90' lang='lat' dir='ltr'><strong>non</strong></span> <span class='ocrx_word' id='word_1_13' title='bbox 719 389 818 448; x_wconf 91' lang='lat' dir='ltr'><strong>pauca</strong></span> <span class='ocrx_word' id='word_1_14' title='bbox 846 371 936 430; x_wconf 89' lang='lat' dir='ltr'><strong>aliter</strong></span> <span class='ocrx_word' id='word_1_15' title='bbox 957 371 990 429; x_wconf 91' lang='lat' dir='ltr'><strong>in</strong></span> <span class='ocrx_word' id='word_1_16' title='bbox 1017 372 1066 448; x_wconf 89' lang='lat' dir='ltr'><strong>M,</strong></span> <span class='ocrx_word' id='word_1_17' title='bbox 1095 372 1191 431; x_wconf 88' lang='lat' dir='ltr'><strong>aliter</strong></span> 
     </span>
     <span class='ocr_line' id='line_1_4' title="bbox 171 459 1190 539; baseline 0.001 -20"><span class='ocrx_word' id='word_1_18' title='bbox 171 461 203 519; x_wconf 93' lang='lat' dir='ltr'><strong>in</strong></span> <span class='ocrx_word' id='word_1_19' title='bbox 222 460 341 538; x_wconf 88' lang='lat' dir='ltr'><strong>volgari</strong></span> <span class='ocrx_word' id='word_1_20' title='bbox 360 461 496 537; x_wconf 83' lang='lat' dir='ltr'><strong>exemplo</strong></span> <span class='ocrx_word' id='word_1_21' title='bbox 517 479 661 522; x_wconf 86' lang='lat' dir='ltr'><strong>conversa</strong></span> <span class='ocrx_word' id='word_1_22' title='bbox 679 462 832 539; x_wconf 85' lang='lat' dir='ltr'><strong>leguntur,</strong></span> <span class='ocrx_word' id='word_1_23' title='bbox 851 462 887 519; x_wconf 90' lang='lat' dir='ltr'><strong>ut</strong></span> <span class='ocrx_word' id='word_1_24' title='bbox 905 459 955 520; x_wconf 92' lang='lat' dir='ltr'><strong>vel</strong></span> <span class='ocrx_word' id='word_1_25' title='bbox 973 459 1043 518; x_wconf 91' lang='lat' dir='ltr'><strong>inde</strong></span> <span class='ocrx_word' id='word_1_26' title='bbox 1058 460 1190 520; x_wconf 88' lang='lat' dir='ltr'><strong>Latinus</strong></span> 
     </span>
     <span class='ocr_line' id='line_1_5' title="bbox 171 549 708 627; baseline 0 -18"><span class='ocrx_word' id='word_1_27' title='bbox 171 550 301 626; x_wconf 75' lang='lat' dir='ltr'><strong>scriptor</strong></span> <span class='ocrx_word' id='word_1_28' title='bbox 324 549 494 610; x_wconf 81' lang='lat' dir='ltr'><strong>vindicetur</strong></span> <span class='ocrx_word' id='word_1_29' title='bbox 516 550 708 627; x_wconf 85' lang='lat' dir='ltr'><strong>Pelagonius.</strong></span> 
     </span>
    </p>

    <p class='ocr_par' dir='ltr' id='par_1_3' title="bbox 164 637 1265 2936">
     <span class='ocr_line' id='line_1_6' title="bbox 237 637 1190 714; baseline 0.001 -19"><span class='ocrx_word' id='word_1_30' title='bbox 237 639 273 698; x_wconf 87' lang='lat' dir='ltr'><strong>V.</strong></span> <span class='ocrx_word' id='word_1_31' title='bbox 296 637 488 714; x_wconf 89' lang='lat' dir='ltr'><strong>Hippiatrica</strong></span> <span class='ocrx_word' id='word_1_32' title='bbox 505 638 536 697; x_wconf 92' lang='lat' dir='ltr'><strong>in</strong></span> <span class='ocrx_word' id='word_1_33' title='bbox 555 638 698 697; x_wconf 86' lang='lat' dir='ltr'><strong>Latinum</strong></span> <span class='ocrx_word' id='word_1_34' title='bbox 717 656 882 698; x_wconf 88' lang='lat' dir='ltr'><strong>sermonem</strong></span> <span class='ocrx_word' id='word_1_35' title='bbox 905 638 1056 697; x_wconf 88' lang='lat' dir='ltr'><strong>translata</strong></span> <span class='ocrx_word' id='word_1_36' title='bbox 1078 637 1149 696; x_wconf 90' lang='lat' dir='ltr'><strong>inde</strong></span> <span class='ocrx_word' id='word_1_37' title='bbox 1171 656 1190 696; x_wconf 88' lang='lat' dir='ltr'><strong>a</strong></span> 
     </span>
     <span class='ocr_line' id='line_1_7' title="bbox 170 725 1189 787; baseline -0.001 -1"><span class='ocrx_word' id='word_1_38' title='bbox 170 728 291 787; x_wconf 88' lang='lat' dir='ltr'><strong>saeculo</strong></span> <span class='ocrx_word' id='word_1_39' title='bbox 310 727 373 786; x_wconf 88' lang='lat' dir='ltr'><strong>fero</strong></span> <span class='ocrx_word' id='word_1_40' title='bbox 391 727 435 785; x_wconf 93' lang='lat' dir='ltr'><strong>IV</strong></span> <span class='ocrx_word' id='word_1_41' title='bbox 453 727 484 785; x_wconf 91' lang='lat' dir='ltr'><strong>in</strong></span> <span class='ocrx_word' id='word_1_42' title='bbox 502 727 659 786; x_wconf 90' lang='lat' dir='ltr'><strong>hominum</strong></span> <span class='ocrx_word' id='word_1_43' title='bbox 677 727 815 786; x_wconf 89' lang='lat' dir='ltr'><strong>manibus</strong></span> <span class='ocrx_word' id='word_1_44' title='bbox 833 725 927 786; x_wconf 88' lang='lat' dir='ltr'><strong>fuisse</strong></span> <span class='ocrx_word' id='word_1_45' title='bbox 946 725 1112 787; x_wconf 88' lang='lat' dir='ltr'><strong>verisimile</strong></span> <span class='ocrx_word' id='word_1_46' title='bbox 1130 729 1189 785; x_wconf 90' lang='lat' dir='ltr'><strong>est.</strong></span> 
     </span>
     <span class='ocr_line' id='line_1_8' title="bbox 170 814 1189 893; baseline 0 -19"><span class='ocrx_word' id='word_1_47' title='bbox 170 819 250 876; x_wconf 87' lang='lat' dir='ltr'><strong>certe</strong></span> <span class='ocrx_word' id='word_1_48' title='bbox 273 815 384 875; x_wconf 89' lang='lat' dir='ltr'><strong>Latino</strong></span> <span class='ocrx_word' id='word_1_49' title='bbox 408 816 572 892; x_wconf 84' lang='lat' dir='ltr'><strong>exemplari</strong></span> <span class='ocrx_word' id='word_1_50' title='bbox 589 835 663 876; x_wconf 89' lang='lat' dir='ltr'><strong>usus</strong></span> <span class='ocrx_word' id='word_1_51' title='bbox 687 821 733 876; x_wconf 86' lang='lat' dir='ltr'><strong>est</strong></span> <span class='ocrx_word' id='word_1_52' title='bbox 752 815 911 893; x_wconf 87' lang='lat' dir='ltr'><strong>Vegetius,</strong></span> <span class='ocrx_word' id='word_1_53' title='bbox 935 814 1017 892; x_wconf 89' lang='lat' dir='ltr'><strong>quod</strong></span> <span class='ocrx_word' id='word_1_54' title='bbox 1036 815 1189 891; x_wconf 86' lang='lat' dir='ltr'><strong>exipsius</strong></span> 
     </span>
     <span class='ocr_line' id='line_1_9' title="bbox 169 902 1190 981; baseline -0.002 -15"><span class='ocrx_word' id='word_1_55' title='bbox 169 905 270 966; x_wconf 87' lang='lat' dir='ltr'><strong>verbis</strong></span> <span class='ocrx_word' id='word_1_56' title='bbox 293 904 387 981; x_wconf 89' lang='lat' dir='ltr'><strong>praef.</strong></span> <span class='ocrx_word' id='word_1_57' title='bbox 410 902 429 980; x_wconf 65' lang='grc' dir='ltr'>ξ</span> <span class='ocrx_word' id='word_1_58' title='bbox 451 907 468 964; x_wconf 92' lang='grc'><strong>6</strong></span> <span class='ocrx_word' id='word_1_59' title='bbox 494 904 636 966; x_wconf 85' lang='lat' dir='ltr'><strong>efficitur:</strong></span> <span class='ocrx_word' id='word_1_60' title='bbox 659 906 735 964; x_wconf 79' lang='lat' dir='ltr'><strong>haec</strong></span> <span class='ocrx_word' id='word_1_61' title='bbox 752 922 870 978; x_wconf 86' lang='lat' dir='ltr'><strong>operam</strong></span> <span class='ocrx_word' id='word_1_62' title='bbox 891 921 951 962; x_wconf 81' lang='lat' dir='ltr'><strong>aaa</strong></span> <span class='ocrx_word' id='word_1_63' title='bbox 972 905 1082 963; x_wconf 79' lang='lat' dir='ltr'><strong>inuitus</strong></span> <span class='ocrx_word' id='word_1_64' title='bbox 1105 907 1190 964; x_wconf 87' lang='lat' dir='ltr'><strong>arri·</strong></span> 
     </span>
     <span class='ocr_line' id='line_1_10' title="bbox 164 994 1190 1069; baseline 0 -17"><span class='ocrx_word' id='word_1_65' title='bbox 164 996 236 1069; x_wconf 80' lang='lat' dir='ltr'><strong>pai,</strong></span> <span class='ocrx_word' id='word_1_66' title='bbox 267 999 300 1052; x_wconf 84' lang='lat' dir='ltr'><strong>at</strong></span> <span class='ocrx_word' id='word_1_67' title='bbox 330 996 476 1054; x_wconf 72' lang='lat' dir='ltr'><strong>adductis</strong></span> <span class='ocrx_word' id='word_1_68' title='bbox 503 997 536 1053; x_wconf 81' lang='lat' dir='ltr'><strong>im</strong></span> <span class='ocrx_word' id='word_1_69' title='bbox 564 1012 657 1052; x_wconf 82' lang='lat' dir='ltr'><strong>anam</strong></span> <span class='ocrx_word' id='word_1_70' title='bbox 685 994 805 1053; x_wconf 76' lang='lat' dir='ltr'><strong>Latiaris</strong></span> <span class='ocrx_word' id='word_1_71' title='bbox 834 994 986 1052; x_wconf 74' lang='lat' dir='ltr'><strong>dumtaxat</strong></span> <span class='ocrx_word' id='word_1_72' title='bbox 1018 994 1190 1052; x_wconf 79' lang='lat' dir='ltr'><strong>amatoribus</strong></span> 
     </span>
     <span class='ocr_line' id='line_1_11' title="bbox 169 1083 1190 1150; baseline 0 -8"><span class='ocrx_word' id='word_1_73' title='bbox 169 1085 328 1150; x_wconf 74' lang='lat' dir='ltr'><strong>universis,</strong></span> <span class='ocrx_word' id='word_1_74' title='bbox 347 1084 484 1142; x_wconf 79' lang='lat' dir='ltr'><strong>adhibitis</strong></span> <span class='ocrx_word' id='word_1_75' title='bbox 502 1085 589 1142; x_wconf 90' lang='lat' dir='ltr'><strong>etiam</strong></span> <span class='ocrx_word' id='word_1_76' title='bbox 607 1083 802 1142; x_wconf 79' lang='lat' dir='ltr'><strong>mulomedicis</strong></span> <span class='ocrx_word' id='word_1_77' title='bbox 821 1085 848 1140; x_wconf 92' lang='lat' dir='ltr'><strong>et</strong></span> <span class='ocrx_word' id='word_1_78' title='bbox 864 1083 982 1141; x_wconf 85' lang='lat' dir='ltr'><strong>medicis</strong></span> <span class='ocrx_word' id='word_1_79' title='bbox 996 1098 1057 1140; x_wconf 80' lang='lat' dir='ltr'><strong>moa</strong></span> <span class='ocrx_word' id='word_1_80' title='bbox 1071 1084 1190 1142; x_wconf 85' lang='lat' dir='ltr'><strong>omissis</strong></span> 
     </span>
     <span class='ocr_line' id='line_1_12' title="bbox 172 1171 1188 1231; baseline 0 -1"><span class='ocrx_word' id='word_1_81' title='bbox 172 1202 211 1212; x_wconf 97' lang='lat'>—</span> <span class='ocrx_word' id='word_1_82' title='bbox 232 1190 303 1231; x_wconf 79' lang='lat' dir='ltr'><strong>mam</strong></span> <span class='ocrx_word' id='word_1_83' title='bbox 320 1172 558 1231; x_wconf 77' lang='lat' dir='ltr'><strong>mulomedicinae</strong></span> <span class='ocrx_word' id='word_1_84' title='bbox 575 1173 709 1230; x_wconf 78' lang='lat' dir='ltr'><strong>doctrina</strong></span> <span class='ocrx_word' id='word_1_85' title='bbox 728 1173 764 1230; x_wconf 82' lang='lat' dir='ltr'><strong>ab</strong></span> <span class='ocrx_word' id='word_1_86' title='bbox 779 1173 842 1230; x_wconf 87' lang='lat' dir='ltr'><strong>arte</strong></span> <span class='ocrx_word' id='word_1_87' title='bbox 859 1171 1018 1230; x_wconf 72' lang='lat' dir='ltr'><strong>medicinae</strong></span> <span class='ocrx_word' id='word_1_88' title='bbox 1034 1187 1095 1229; x_wconf 80' lang='lat' dir='ltr'><strong>aaa</strong></span> <span class='ocrx_word' id='word_1_89' title='bbox 1113 1172 1188 1230; x_wconf 89' lang='lat' dir='ltr'><strong>adeo</strong></span> 
     </span>
     <span class='ocr_line' id='line_1_13' title="bbox 169 1261 1189 1334; baseline -0.001 -15"><span class='ocrx_word' id='word_1_90' title='bbox 169 1262 269 1321; x_wconf 84' lang='lat' dir='ltr'><strong>mattis</strong></span> <span class='ocrx_word' id='word_1_91' title='bbox 291 1263 449 1334; x_wconf 78' lang='lat' dir='ltr'><strong>discrepat,</strong></span> <span class='ocrx_word' id='word_1_92' title='bbox 472 1262 523 1320; x_wconf 87' lang='lat' dir='ltr'><strong>sed</strong></span> <span class='ocrx_word' id='word_1_93' title='bbox 544 1263 577 1320; x_wconf 83' lang='lat' dir='ltr'><strong>ia</strong></span> <span class='ocrx_word' id='word_1_94' title='bbox 593 1261 741 1334; x_wconf 75' lang='lat' dir='ltr'><strong>plerisque</strong></span> <span class='ocrx_word' id='word_1_95' title='bbox 763 1262 901 1319; x_wconf 81' lang='lat' dir='ltr'><strong>consmtit</strong></span> <span class='ocrx_word' id='word_1_96' title='bbox 924 1291 964 1300; x_wconf 95' lang='lat'>-</span> <span class='ocrx_word' id='word_1_97' title='bbox 989 1262 1021 1318; x_wconf 83' lang='lat' dir='ltr'><strong>io</strong></span> <span class='ocrx_word' id='word_1_98' title='bbox 1044 1264 1189 1333; x_wconf 66' lang='lat' dir='ltr'><strong>maritam</strong></span> 
     </span>
     <span class='ocr_line' id='line_1_14' title="bbox 168 1349 1189 1426; baseline -0.002 -16"><span class='ocrx_word' id='word_1_99' title='bbox 168 1351 353 1410; x_wconf 83' lang='lat' dir='ltr'><strong>mediocritas</strong></span> <span class='ocrx_word' id='word_1_100' title='bbox 370 1351 480 1423; x_wconf 73' lang='lat' dir='ltr'><strong>impertit</strong></span> <span class='ocrx_word' id='word_1_101' title='bbox 492 1351 620 1426; x_wconf 81' lang='lat' dir='ltr'><strong>patitur,</strong></span> <span class='ocrx_word' id='word_1_102' title='bbox 638 1349 725 1422; x_wconf 81' lang='lat' dir='ltr'><strong>pierre</strong></span> <span class='ocrx_word' id='word_1_103' title='bbox 744 1366 779 1408; x_wconf 89' lang='lat' dir='ltr'><strong>ae</strong></span> <span class='ocrx_word' id='word_1_104' title='bbox 797 1350 920 1407; x_wconf 81' lang='lat' dir='ltr'><strong>breviter</strong></span> <span class='ocrx_word' id='word_1_105' title='bbox 933 1349 1031 1407; x_wconf 79' lang='lat' dir='ltr'><strong>ommia</strong></span> <span class='ocrx_word' id='word_1_106' title='bbox 1046 1350 1189 1422; x_wconf 76' lang='lat' dir='ltr'><strong>epitomae</strong></span> 
     </span>
     <span class='ocr_line' id='line_1_15' title="bbox 169 1427 1188 1517; baseline -0.004 -17"><span class='ocrx_word' id='word_1_107' title='bbox 169 1441 326 1514; x_wconf 80' lang='lat' dir='ltr'><strong>diyererem</strong></span> <span class='ocrx_word' id='word_1_108' title='bbox 345 1443 371 1497; x_wconf 92' lang='lat' dir='ltr'><strong>et</strong></span> <span class='ocrx_word' id='word_1_109' title='bbox 387 1439 473 1512; x_wconf 75' lang='lat' dir='ltr'><strong>styma</strong></span> <span class='ocrx_word' id='word_1_110' title='bbox 485 1439 651 1496; x_wconf 80' lang='lat' dir='ltr'><strong>mortorum</strong></span> <span class='ocrx_word' id='word_1_111' title='bbox 664 1439 792 1496; x_wconf 83' lang='lat' dir='ltr'><strong>ommium</strong></span> <span class='ocrx_word' id='word_1_112' title='bbox 806 1438 986 1497; x_wconf 86' lang='lat' dir='ltr'><strong>declararem</strong></span> <span class='ocrx_word' id='word_1_113' title='bbox 994 1427 1028 1517; x_wconf 92' lang='lat'><strong>¹).</strong></span> <span class='ocrx_word' id='word_1_114' title='bbox 1056 1435 1188 1513; x_wconf 83' lang='lat' dir='ltr'><strong>Hippia·</strong></span> 
     </span>
     <span class='ocr_line' id='line_1_16' title="bbox 169 1525 1187 1589; baseline -0.003 -1"><span class='ocrx_word' id='word_1_115' title='bbox 169 1528 317 1589; x_wconf 89' lang='lat' dir='ltr'><strong>tricorum</strong></span> <span class='ocrx_word' id='word_1_116' title='bbox 339 1525 520 1586; x_wconf 87' lang='lat' dir='ltr'><strong>Latinorum</strong></span> <span class='ocrx_word' id='word_1_117' title='bbox 542 1525 635 1586; x_wconf 88' lang='lat' dir='ltr'><strong>codex</strong></span> <span class='ocrx_word' id='word_1_118' title='bbox 658 1529 743 1585; x_wconf 87' lang='lat' dir='ltr'><strong>extet</strong></span> <span class='ocrx_word' id='word_1_119' title='bbox 765 1525 952 1584; x_wconf 81' lang='lat' dir='ltr'><strong>Monacensis</strong></span> <span class='ocrx_word' id='word_1_120' title='bbox 977 1527 1039 1584; x_wconf 80' lang='lat'><strong>243</strong></span> <span class='ocrx_word' id='word_1_121' title='bbox 1065 1525 1187 1585; x_wconf 88' lang='lat' dir='ltr'><strong>charta-</strong></span> 
     </span>
     <span class='ocr_line' id='line_1_17' title="bbox 170 1609 1186 1692; baseline -0.004 -16"><span class='ocrx_word' id='word_1_122' title='bbox 170 1635 241 1676; x_wconf 92' lang='lat' dir='ltr'><strong>ceus</strong></span> <span class='ocrx_word' id='word_1_123' title='bbox 278 1635 354 1675; x_wconf 90' lang='lat' dir='ltr'><strong>saec.</strong></span> <span class='ocrx_word' id='word_1_124' title='bbox 388 1615 444 1673; x_wconf 91' lang='lat' dir='ltr'><strong>XV</strong></span> <span class='ocrx_word' id='word_1_125' title='bbox 476 1615 631 1676; x_wconf 90' lang='lat' dir='ltr'><strong>continens</strong></span> <span class='ocrx_word' id='word_1_126' title='bbox 669 1609 823 1674; x_wconf 75' lang='lat' dir='ltr'><strong>‘Chironis</strong></span> <span class='ocrx_word' id='word_1_127' title='bbox 861 1614 1010 1690; x_wconf 77' lang='lat' dir='ltr'><strong>centauri,</strong></span> <span class='ocrx_word' id='word_1_128' title='bbox 1048 1612 1186 1692; x_wconf 84' lang='lat' dir='ltr'><strong>Absyrti,</strong></span> 
     </span>
     <span class='ocr_line' id='line_1_18' title="bbox 169 1697 1265 1779; baseline -0.006 -16"><span class='ocrx_word' id='word_1_129' title='bbox 169 1704 305 1763; x_wconf 89' lang='lat' dir='ltr'><strong>Hemerii</strong></span> <span class='ocrx_word' id='word_1_130' title='bbox 337 1704 411 1764; x_wconf 86' lang='lat' dir='ltr'><strong>artis</strong></span> <span class='ocrx_word' id='word_1_131' title='bbox 443 1705 644 1764; x_wconf 79' lang='lat' dir='ltr'><strong>veterinariae</strong></span> <span class='ocrx_word' id='word_1_132' title='bbox 681 1702 747 1762; x_wconf 90' lang='lat' dir='ltr'><strong>libr.</strong></span> <span class='ocrx_word' id='word_1_133' title='bbox 773 1697 825 1776; x_wconf 91' lang='lat' dir='ltr'><strong>X&#39;,</strong></span> <span class='ocrx_word' id='word_1_134' title='bbox 858 1721 933 1779; x_wconf 92' lang='lat' dir='ltr'><strong>quos</strong></span> <span class='ocrx_word' id='word_1_135' title='bbox 966 1703 1104 1761; x_wconf 86' lang='lat' dir='ltr'><strong>editurus</strong></span> <span class='ocrx_word' id='word_1_136' title='bbox 1139 1706 1187 1762; x_wconf 86' lang='lat' dir='ltr'><strong>est</strong></span> <span class='ocrx_word' id='word_1_137' title='bbox 1264 1751 1265 1756; x_wconf 73' lang='grc'>,</span> 
     </span>
     <span class='ocr_line' id='line_1_19' title="bbox 170 1789 1185 1871; baseline -0.001 -19"><span class='ocrx_word' id='word_1_138' title='bbox 170 1791 340 1852; x_wconf 86' lang='lat' dir='ltr'><strong>Guilelmus</strong></span> <span class='ocrx_word' id='word_1_139' title='bbox 363 1792 478 1869; x_wconf 87' lang='lat' dir='ltr'><strong>Meyer,</strong></span> <span class='ocrx_word' id='word_1_140' title='bbox 501 1797 664 1871; x_wconf 91' lang='lat' dir='ltr'><strong>postquam</strong></span> <span class='ocrx_word' id='word_1_141' title='bbox 681 1791 815 1853; x_wconf 88' lang='lat' dir='ltr'><strong>breviter</strong></span> <span class='ocrx_word' id='word_1_142' title='bbox 833 1791 869 1850; x_wconf 93' lang='lat' dir='ltr'><strong>de</strong></span> <span class='ocrx_word' id='word_1_143' title='bbox 887 1791 926 1850; x_wconf 91' lang='lat' dir='ltr'><strong>iis</strong></span> <span class='ocrx_word' id='word_1_144' title='bbox 946 1791 1022 1850; x_wconf 82' lang='lat' dir='ltr'><strong>dixit</strong></span> <span class='ocrx_word' id='word_1_145' title='bbox 1044 1791 1075 1848; x_wconf 92' lang='lat' dir='ltr'><strong>in</strong></span> <span class='ocrx_word' id='word_1_146' title='bbox 1094 1789 1185 1851; x_wconf 90' lang='lat' dir='ltr'><strong>Actis</strong></span> 
     </span>
     <span class='ocr_line' id='line_1_20' title="bbox 168 1879 1185 1957; baseline -0.002 -17"><span class='ocrx_word' id='word_1_147' title='bbox 168 1879 351 1940; x_wconf 87' lang='lat' dir='ltr'><strong>Academiae</strong></span> <span class='ocrx_word' id='word_1_148' title='bbox 373 1880 560 1940; x_wconf 84' lang='lat' dir='ltr'><strong>Monacensis</strong></span> <span class='ocrx_word' id='word_1_149' title='bbox 586 1884 670 1942; x_wconf 82' lang='lat'>1885</span> <span class='ocrx_word' id='word_1_150' title='bbox 694 1901 723 1957; x_wconf 90' lang='lat' dir='ltr'><strong>p.</strong></span> <span class='ocrx_word' id='word_1_151' title='bbox 744 1884 816 1941; x_wconf 83' lang='lat'><strong>395.</strong></span> <span class='ocrx_word' id='word_1_152' title='bbox 858 1880 890 1938; x_wconf 91' lang='lat' dir='ltr'><strong>in</strong></span> <span class='ocrx_word' id='word_1_153' title='bbox 912 1880 1003 1939; x_wconf 89' lang='lat' dir='ltr'><strong>buius</strong></span> <span class='ocrx_word' id='word_1_154' title='bbox 1026 1880 1098 1938; x_wconf 91' lang='lat' dir='ltr'><strong>libri</strong></span> <span class='ocrx_word' id='word_1_155' title='bbox 1122 1898 1185 1940; x_wconf 87' lang='lat' dir='ltr'><strong>ser-</strong></span> 
     </span>
     <span class='ocr_line' id='line_1_21' title="bbox 168 1966 1184 2046; baseline -0.001 -17"><span class='ocrx_word' id='word_1_156' title='bbox 168 1988 287 2029; x_wconf 90' lang='lat' dir='ltr'><strong>monem</strong></span> <span class='ocrx_word' id='word_1_157' title='bbox 306 1967 455 2045; x_wconf 82' lang='lat' dir='ltr'><strong>quadrare</strong></span> <span class='ocrx_word' id='word_1_158' title='bbox 478 1969 523 2028; x_wconf 89' lang='lat' dir='ltr'><strong>ait</strong></span> <span class='ocrx_word' id='word_1_159' title='bbox 541 1969 663 2046; x_wconf 85' lang='lat' dir='ltr'><strong>Vegetii</strong></span> <span class='ocrx_word' id='word_1_160' title='bbox 680 1971 774 2046; x_wconf 89' lang='lat' dir='ltr'><strong>praef.</strong></span> <span class='ocrx_word' id='word_1_161' title='bbox 799 1966 818 2044; x_wconf 68' lang='grc' dir='ltr'>ξ</span> <span class='ocrx_word' id='word_1_162' title='bbox 840 1971 858 2029; x_wconf 87' lang='grc'><strong>3</strong></span> <span class='ocrx_word' id='word_1_163' title='bbox 882 1969 974 2029; x_wconf 90' lang='lat' dir='ltr'><strong>verba</strong></span> <span class='ocrx_word' id='word_1_164' title='bbox 994 1968 1029 2027; x_wconf 93' lang='lat' dir='ltr'><strong>de</strong></span> <span class='ocrx_word' id='word_1_165' title='bbox 1050 1967 1184 2028; x_wconf 82' lang='lat' dir='ltr'><strong>Chirone</strong></span> 
     </span>
     <span class='ocr_line' id='line_1_22' title="bbox 169 2051 1185 2134; baseline 0 -16"><span class='ocrx_word' id='word_1_166' title='bbox 169 2062 201 2118; x_wconf 92' lang='lat' dir='ltr'><strong>et</strong></span> <span class='ocrx_word' id='word_1_167' title='bbox 217 2057 352 2134; x_wconf 81' lang='lat' dir='ltr'><strong>Apsyrta</strong></span> <span class='ocrx_word' id='word_1_168' title='bbox 373 2051 580 2134; x_wconf 75' lang='lat' dir='ltr'><strong>‘eloquentiae</strong></span> <span class='ocrx_word' id='word_1_169' title='bbox 598 2058 701 2134; x_wconf 88' lang='lat' dir='ltr'><strong>inopia</strong></span> <span class='ocrx_word' id='word_1_170' title='bbox 724 2076 758 2117; x_wconf 88' lang='lat' dir='ltr'><strong>ac</strong></span> <span class='ocrx_word' id='word_1_171' title='bbox 777 2058 922 2117; x_wconf 90' lang='lat' dir='ltr'><strong>sermonis</strong></span> <span class='ocrx_word' id='word_1_172' title='bbox 944 2057 1041 2134; x_wconf 89' lang='lat' dir='ltr'><strong>ipsius</strong></span> <span class='ocrx_word' id='word_1_173' title='bbox 1060 2057 1185 2118; x_wconf 86' lang='lat' dir='ltr'><strong>vilitate</strong></span> 
     </span>
     <span class='ocr_line' id='line_1_23' title="bbox 168 2139 1185 2225; baseline -0.001 -17"><span class='ocrx_word' id='word_1_174' title='bbox 168 2139 433 2208; x_wconf 88' lang='lat' dir='ltr'><strong>sordescentibus&#39;.</strong></span> <span class='ocrx_word' id='word_1_175' title='bbox 465 2145 600 2205; x_wconf 88' lang='lat' dir='ltr'><strong>eiusdem</strong></span> <span class='ocrx_word' id='word_1_176' title='bbox 615 2146 786 2225; x_wconf 81' lang='lat' dir='ltr'><strong>argumenti</strong></span> <span class='ocrx_word' id='word_1_177' title='bbox 801 2146 894 2206; x_wconf 84' lang='lat' dir='ltr'><strong>codex</strong></span> <span class='ocrx_word' id='word_1_178' title='bbox 911 2146 943 2205; x_wconf 92' lang='lat' dir='ltr'><strong>in</strong></span> <span class='ocrx_word' id='word_1_179' title='bbox 957 2146 1088 2205; x_wconf 84' lang='lat' dir='ltr'><strong>Fabricii</strong></span> <span class='ocrx_word' id='word_1_180' title='bbox 1102 2146 1185 2207; x_wconf 91' lang='lat' dir='ltr'><strong>Bibl.</strong></span> 
     </span>
     <span class='ocr_line' id='line_1_24' title="bbox 168 2227 1185 2316; baseline 0 -21"><span class='ocrx_word' id='word_1_181' title='bbox 168 2237 234 2296; x_wconf 88' lang='lat' dir='ltr'><strong>Lat.</strong></span> <span class='ocrx_word' id='word_1_182' title='bbox 254 2234 302 2294; x_wconf 89' lang='grc' dir='ltr'><strong>ΙΙΙ</strong></span> <span class='ocrx_word' id='word_1_183' title='bbox 323 2255 352 2311; x_wconf 89' lang='lat' dir='ltr'><strong>p.</strong></span> <span class='ocrx_word' id='word_1_184' title='bbox 375 2236 437 2295; x_wconf 86' lang='lat'><strong>178</strong></span> <span class='ocrx_word' id='word_1_185' title='bbox 457 2227 518 2316; x_wconf 88' lang='lat' dir='ltr'><strong>(ed.</strong></span> <span class='ocrx_word' id='word_1_186' title='bbox 536 2231 673 2314; x_wconf 82' lang='lat' dir='ltr'><strong>Ernesti)</strong></span> <span class='ocrx_word' id='word_1_187' title='bbox 693 2236 845 2295; x_wconf 90' lang='lat' dir='ltr'><strong>indicatur</strong></span> <span class='ocrx_word' id='word_1_188' title='bbox 864 2235 921 2295; x_wconf 89' lang='lat' dir='ltr'><strong>ita:</strong></span> <span class='ocrx_word' id='word_1_189' title='bbox 946 2229 1126 2313; x_wconf 75' lang='lat' dir='ltr'><strong>‘Vegetium</strong></span> <span class='ocrx_word' id='word_1_190' title='bbox 1147 2236 1185 2295; x_wconf 94' lang='lat' dir='ltr'><strong>de</strong></span> 
     </span>
     <span class='ocr_line' id='line_1_25' title="bbox 167 2322 1188 2400; baseline -0.001 -16"><span class='ocrx_word' id='word_1_191' title='bbox 167 2323 400 2385; x_wconf 88' lang='lat' dir='ltr'><strong>mulomedicina</strong></span> <span class='ocrx_word' id='word_1_192' title='bbox 430 2342 485 2383; x_wconf 88' lang='lat' dir='ltr'><strong>nec</strong></span> <span class='ocrx_word' id='word_1_193' title='bbox 517 2325 616 2384; x_wconf 86' lang='lat' dir='ltr'><strong>minus</strong></span> <span class='ocrx_word' id='word_1_194' title='bbox 649 2324 786 2385; x_wconf 82' lang='lat' dir='ltr'><strong>Chironis</strong></span> <span class='ocrx_word' id='word_1_195' title='bbox 818 2322 961 2384; x_wconf 75' lang='lat' dir='ltr'><strong>Centauri</strong></span> <span class='ocrx_word' id='word_1_196' title='bbox 993 2322 1121 2400; x_wconf 87' lang='lat' dir='ltr'><strong>Absyrti</strong></span> <span class='ocrx_word' id='word_1_197' title='bbox 1154 2328 1188 2384; x_wconf 90' lang='lat' dir='ltr'><strong>et</strong></span> 
     </span>
     <span class='ocr_line' id='line_1_26' title="bbox 168 2410 1187 2475; baseline -0.003 0"><span class='ocrx_word' id='word_1_198' title='bbox 168 2413 212 2475; x_wconf 80' lang='lat'><strong>01.</strong></span> <span class='ocrx_word' id='word_1_199' title='bbox 238 2413 409 2474; x_wconf 87' lang='lat' dir='ltr'><strong>Hemerotis</strong></span> <span class='ocrx_word' id='word_1_200' title='bbox 439 2414 476 2472; x_wconf 91' lang='lat' dir='ltr'><strong>de</strong></span> <span class='ocrx_word' id='word_1_201' title='bbox 506 2417 571 2474; x_wconf 89' lang='lat' dir='ltr'><strong>arte</strong></span> <span class='ocrx_word' id='word_1_202' title='bbox 599 2413 789 2473; x_wconf 88' lang='lat' dir='ltr'><strong>Veterinaria</strong></span> <span class='ocrx_word' id='word_1_203' title='bbox 818 2413 962 2473; x_wconf 89' lang='lat' dir='ltr'><strong>librosX</strong></span> <span class='ocrx_word' id='word_1_204' title='bbox 993 2415 1024 2471; x_wconf 90' lang='lat' dir='ltr'><strong>et</strong></span> <span class='ocrx_word' id='word_1_205' title='bbox 1054 2410 1187 2473; x_wconf 91' lang='lat' dir='ltr'><strong>Oliverii</strong></span> 
     </span>
     <span class='ocr_line' id='line_1_27' title="bbox 167 2501 1187 2582; baseline -0.002 -19"><span class='ocrx_word' id='word_1_206' title='bbox 167 2502 363 2582; x_wconf 86' lang='lat' dir='ltr'><strong>Neapolitani</strong></span> <span class='ocrx_word' id='word_1_207' title='bbox 389 2503 501 2563; x_wconf 91' lang='lat' dir='ltr'><strong>librum</strong></span> <span class='ocrx_word' id='word_1_208' title='bbox 530 2503 566 2563; x_wconf 88' lang='lat' dir='ltr'><strong>de</strong></span> <span class='ocrx_word' id='word_1_209' title='bbox 594 2503 681 2581; x_wconf 89' lang='lat' dir='ltr'><strong>equis</strong></span> <span class='ocrx_word' id='word_1_210' title='bbox 708 2521 762 2562; x_wconf 77' lang='lat' dir='ltr'><strong>ms·</strong></span> <span class='ocrx_word' id='word_1_211' title='bbox 791 2502 932 2562; x_wconf 82' lang='lat' dir='ltr'><strong>servabat</strong></span> <span class='ocrx_word' id='word_1_212' title='bbox 961 2501 1187 2577; x_wconf 82' lang='lat' dir='ltr'><strong>Norimbergae</strong></span> 
     </span>
     <span class='ocr_line' id='line_1_28' title="bbox 168 2587 1187 2671; baseline -0.007 -16"><span class='ocrx_word' id='word_1_213' title='bbox 168 2594 325 2655; x_wconf 84' lang='lat' dir='ltr'><strong>Gotfridus</strong></span> <span class='ocrx_word' id='word_1_214' title='bbox 341 2587 544 2654; x_wconf 82' lang='lat' dir='ltr'><strong>Thomasius&#39;.</strong></span> <span class='ocrx_word' id='word_1_215' title='bbox 573 2594 626 2671; x_wconf 91' lang='lat' dir='ltr'><strong>qui</strong></span> <span class='ocrx_word' id='word_1_216' title='bbox 649 2613 722 2652; x_wconf 91' lang='lat' dir='ltr'><strong>num</strong></span> <span class='ocrx_word' id='word_1_217' title='bbox 740 2592 890 2668; x_wconf 90' lang='lat' dir='ltr'><strong>hodieque</strong></span> <span class='ocrx_word' id='word_1_218' title='bbox 910 2593 992 2650; x_wconf 83' lang='lat' dir='ltr'><strong>extet</strong></span> <span class='ocrx_word' id='word_1_219' title='bbox 1011 2590 1187 2669; x_wconf 86' lang='lat' dir='ltr'><strong>quaeritur;</strong></span> 
     </span>
     <span class='ocr_line' id='line_1_29' title="bbox 167 2677 1187 2759; baseline -0.002 -18"><span class='ocrx_word' id='word_1_220' title='bbox 167 2683 385 2759; x_wconf 86' lang='lat' dir='ltr'><strong>Norimbergae</strong></span> <span class='ocrx_word' id='word_1_221' title='bbox 409 2700 473 2742; x_wconf 88' lang='lat' dir='ltr'><strong>esse</strong></span> <span class='ocrx_word' id='word_1_222' title='bbox 497 2683 664 2742; x_wconf 88' lang='lat' dir='ltr'><strong>sciscitanti</strong></span> <span class='ocrx_word' id='word_1_223' title='bbox 686 2681 760 2740; x_wconf 88' lang='lat' dir='ltr'><strong>mihi</strong></span> <span class='ocrx_word' id='word_1_224' title='bbox 782 2682 978 2758; x_wconf 85' lang='lat' dir='ltr'><strong>negaverunt.</strong></span> <span class='ocrx_word' id='word_1_225' title='bbox 1016 2679 1053 2737; x_wconf 89' lang='lat' dir='ltr'><strong>de</strong></span> <span class='ocrx_word' id='word_1_226' title='bbox 1077 2677 1187 2739; x_wconf 86' lang='lat' dir='ltr'><strong>Hiero-</strong></span> 
     </span>
     <span class='ocr_line' id='line_1_30' title="bbox 168 2767 1187 2846; baseline -0.001 -18"><span class='ocrx_word' id='word_1_227' title='bbox 168 2770 223 2829; x_wconf 89' lang='lat' dir='ltr'><strong>clis</strong></span> <span class='ocrx_word' id='word_1_228' title='bbox 251 2771 288 2828; x_wconf 90' lang='lat' dir='ltr'><strong>de</strong></span> <span class='ocrx_word' id='word_1_229' title='bbox 316 2769 472 2828; x_wconf 90' lang='lat' dir='ltr'><strong>curatione</strong></span> <span class='ocrx_word' id='word_1_230' title='bbox 500 2788 647 2846; x_wconf 90' lang='lat' dir='ltr'><strong>equorum</strong></span> <span class='ocrx_word' id='word_1_231' title='bbox 674 2770 752 2828; x_wconf 90' lang='lat' dir='ltr'><strong>libro</strong></span> <span class='ocrx_word' id='word_1_232' title='bbox 780 2787 833 2828; x_wconf 91' lang='lat' dir='ltr'><strong>ms.</strong></span> <span class='ocrx_word' id='word_1_233' title='bbox 861 2769 971 2828; x_wconf 88' lang='lat' dir='ltr'><strong>Latino</strong></span> <span class='ocrx_word' id='word_1_234' title='bbox 999 2767 1187 2827; x_wconf 92' lang='lat' dir='ltr'><strong>Bononiensi</strong></span> 
     </span>
     <span class='ocr_line' id='line_1_31' title="bbox 167 2847 1033 2936; baseline 0.001 -20"><span class='ocrx_word' id='word_1_235' title='bbox 167 2876 265 2935; x_wconf 90' lang='lat' dir='ltr'><strong>pauca</strong></span> <span class='ocrx_word' id='word_1_236' title='bbox 289 2856 432 2916; x_wconf 86' lang='lat' dir='ltr'><strong>adnotavi</strong></span> <span class='ocrx_word' id='word_1_237' title='bbox 455 2857 553 2916; x_wconf 87' lang='lat' dir='ltr'><strong>Musei</strong></span> <span class='ocrx_word' id='word_1_238' title='bbox 574 2857 712 2916; x_wconf 87' lang='lat' dir='ltr'><strong>Rhenani</strong></span> <span class='ocrx_word' id='word_1_239' title='bbox 734 2858 793 2916; x_wconf 89' lang='lat' dir='ltr'><strong>vol.</strong></span> <span class='ocrx_word' id='word_1_240' title='bbox 812 2859 854 2916; x_wconf 88' lang='grc'><strong>46</strong></span> <span class='ocrx_word' id='word_1_241' title='bbox 879 2878 908 2934; x_wconf 89' lang='lat' dir='ltr'><strong>p.</strong></span> <span class='ocrx_word' id='word_1_242' title='bbox 929 2847 1033 2936; x_wconf 73' lang='lat'><strong>377²).</strong></span> 
     </span>
    </p>

    <p class='ocr_par' dir='ltr' id='par_1_4' title="bbox 236 2944 1186 3023">
     <span class='ocr_line' id='line_1_32' title="bbox 236 2944 1186 3023; baseline 0.003 -21"><span class='ocrx_word' id='word_1_243' title='bbox 236 2945 287 3004; x_wconf 90' lang='lat' dir='ltr'><strong>VI.</strong></span> <span class='ocrx_word' id='word_1_244' title='bbox 315 2944 371 3003; x_wconf 87' lang='lat' dir='ltr'><strong>His</strong></span> <span class='ocrx_word' id='word_1_245' title='bbox 397 2944 571 3020; x_wconf 89' lang='lat' dir='ltr'><strong>praemissis</strong></span> <span class='ocrx_word' id='word_1_246' title='bbox 599 2945 771 3003; x_wconf 88' lang='lat' dir='ltr'><strong>accuratius</strong></span> <span class='ocrx_word' id='word_1_247' title='bbox 798 2944 834 3003; x_wconf 89' lang='lat' dir='ltr'><strong>de</strong></span> <span class='ocrx_word' id='word_1_248' title='bbox 862 2945 1027 3023; x_wconf 85' lang='lat' dir='ltr'><strong>Pelagonio</strong></span> <span class='ocrx_word' id='word_1_249' title='bbox 1057 2945 1186 3020; x_wconf 87' lang='lat' dir='ltr'><strong>eiusque</strong></span> 
     </span>
    </p>
   </div>
   <div class='ocr_carea' id='block_1_3' title="bbox 167 3025 1186 3114">
    <p class='ocr_par' dir='ltr' id='par_1_5' title="bbox 167 3025 1186 3114">
     <span class='ocr_line' id='line_1_33' title="bbox 167 3025 1186 3114; baseline -0.001 -21"><span class='ocrx_word' id='word_1_250' title='bbox 167 3034 271 3094; x_wconf 91' lang='lat' dir='ltr'><strong>libello</strong></span> <span class='ocrx_word' id='word_1_251' title='bbox 305 3033 465 3092; x_wconf 90' lang='lat' dir='ltr'><strong>dicendum</strong></span> <span class='ocrx_word' id='word_1_252' title='bbox 497 3035 551 3091; x_wconf 89' lang='lat' dir='ltr'><strong>est.</strong></span> <span class='ocrx_word' id='word_1_253' title='bbox 598 3033 721 3109; x_wconf 89' lang='lat' dir='ltr'><strong>scripsit</strong></span> <span class='ocrx_word' id='word_1_254' title='bbox 747 3035 849 3092; x_wconf 88' lang='lat' dir='ltr'><strong>autem</strong></span> <span class='ocrx_word' id='word_1_255' title='bbox 881 3036 987 3094; x_wconf 87' lang='lat' dir='ltr'><strong>auctor</strong></span> <span class='ocrx_word' id='word_1_256' title='bbox 1018 3033 1148 3093; x_wconf 85' lang='lat' dir='ltr'><strong>Latinus</strong></span> <span class='ocrx_word' id='word_1_257' title='bbox 1157 3025 1186 3114; x_wconf 80' lang='lat'><strong>³)</strong></span> 
     </span>
    </p>
   </div>
   <div class='ocr_carea' id='block_1_4' title="bbox 171 3200 1186 3558">
    <p class='ocr_par' dir='ltr' id='par_1_6' title="bbox 171 3200 1186 3558">
     <span class='ocr_line' id='line_1_34' title="bbox 241 3200 1166 3274; baseline -0.001 -16"><span class='ocrx_word' id='word_1_258' title='bbox 241 3206 269 3274; x_wconf 92' lang='lat'><strong>1)</strong></span> <span class='ocrx_word' id='word_1_259' title='bbox 288 3201 329 3257; x_wconf 82' lang='lat' dir='ltr'><strong>Oi.</strong></span> <span class='ocrx_word' id='word_1_260' title='bbox 349 3219 421 3272; x_wconf 85' lang='lat' dir='ltr'><strong>quae</strong></span> <span class='ocrx_word' id='word_1_261' title='bbox 440 3200 537 3270; x_wconf 91' lang='lat' dir='ltr'><strong>paullo</strong></span> <span class='ocrx_word' id='word_1_262' title='bbox 557 3218 642 3272; x_wconf 88' lang='lat' dir='ltr'><strong>supra</strong></span> <span class='ocrx_word' id='word_1_263' title='bbox 660 3200 703 3256; x_wconf 89' lang='lat' dir='ltr'><strong>ait</strong></span> <span class='ocrx_word' id='word_1_264' title='bbox 721 3207 736 3268; x_wconf 66' lang='grc' dir='ltr'><strong>ξ</strong></span> <span class='ocrx_word' id='word_1_265' title='bbox 756 3208 772 3257; x_wconf 84' lang='lat'><strong>3</strong></span> <span class='ocrx_word' id='word_1_266' title='bbox 791 3203 827 3256; x_wconf 89' lang='lat' dir='ltr'><strong>de</strong></span> <span class='ocrx_word' id='word_1_267' title='bbox 846 3203 966 3259; x_wconf 85' lang='lat' dir='ltr'><strong>Chirone</strong></span> <span class='ocrx_word' id='word_1_268' title='bbox 985 3204 1015 3257; x_wconf 90' lang='lat' dir='ltr'><strong>et</strong></span> <span class='ocrx_word' id='word_1_269' title='bbox 1033 3203 1166 3272; x_wconf 80' lang='lat' dir='ltr'><strong>Apsyrta.</strong></span> 
     </span>
     <span class='ocr_line' id='line_1_35' title="bbox 241 3271 1185 3346; baseline -0.003 -17"><span class='ocrx_word' id='word_1_270' title='bbox 241 3275 269 3346; x_wconf 77' lang='lat'><strong>2)</strong></span> <span class='ocrx_word' id='word_1_271' title='bbox 287 3275 328 3328; x_wconf 91' lang='lat' dir='ltr'><strong>De</strong></span> <span class='ocrx_word' id='word_1_272' title='bbox 348 3271 413 3327; x_wconf 85' lang='lat' dir='ltr'><strong>aliis</strong></span> <span class='ocrx_word' id='word_1_273' title='bbox 432 3272 498 3328; x_wconf 87' lang='lat' dir='ltr'><strong>vide</strong></span> <span class='ocrx_word' id='word_1_274' title='bbox 517 3272 679 3328; x_wconf 86' lang='lat' dir='ltr'><strong>Schneideri</strong></span> <span class='ocrx_word' id='word_1_275' title='bbox 698 3275 879 3329; x_wconf 87' lang='lat' dir='ltr'><strong>commentar.</strong></span> <span class='ocrx_word' id='word_1_276' title='bbox 893 3274 922 3328; x_wconf 94' lang='lat' dir='ltr'><strong>in</strong></span> <span class='ocrx_word' id='word_1_277' title='bbox 936 3273 1035 3342; x_wconf 83' lang='lat' dir='ltr'><strong>Veget.</strong></span> <span class='ocrx_word' id='word_1_278' title='bbox 1054 3292 1082 3344; x_wconf 90' lang='lat' dir='ltr'><strong>p.</strong></span> <span class='ocrx_word' id='word_1_279' title='bbox 1099 3280 1131 3327; x_wconf 79' lang='lat'><strong>1⁷</strong></span> <span class='ocrx_word' id='word_1_280' title='bbox 1143 3290 1185 3342; x_wconf 83' lang='lat' dir='ltr'><strong>sq.</strong></span> 
     </span>
     <span class='ocr_line' id='line_1_36' title="bbox 242 3344 1186 3416; baseline -0.002 -15"><span class='ocrx_word' id='word_1_281' title='bbox 242 3348 270 3416; x_wconf 84' lang='grc'><strong>3)</strong></span> <span class='ocrx_word' id='word_1_282' title='bbox 289 3344 370 3399; x_wconf 88' lang='lat' dir='ltr'><strong>Nihil</strong></span> <span class='ocrx_word' id='word_1_283' title='bbox 392 3344 596 3398; x_wconf 82' lang='lat' dir='ltr'><strong>immorandum</strong></span> <span class='ocrx_word' id='word_1_284' title='bbox 621 3362 719 3400; x_wconf 85' lang='lat' dir='ltr'><strong>censeo</strong></span> <span class='ocrx_word' id='word_1_285' title='bbox 742 3346 771 3399; x_wconf 90' lang='lat' dir='ltr'><strong>in</strong></span> <span class='ocrx_word' id='word_1_286' title='bbox 790 3345 941 3400; x_wconf 86' lang='lat' dir='ltr'><strong>refutanda</strong></span> <span class='ocrx_word' id='word_1_287' title='bbox 959 3345 1090 3414; x_wconf 88' lang='lat' dir='ltr'><strong>opinione</strong></span> <span class='ocrx_word' id='word_1_288' title='bbox 1109 3344 1186 3414; x_wconf 91' lang='lat' dir='ltr'><strong>prio-</strong></span> 
     </span>
     <span class='ocr_line' id='line_1_37' title="bbox 171 3415 1185 3486; baseline -0.003 -15"><span class='ocrx_word' id='word_1_289' title='bbox 171 3434 234 3471; x_wconf 88' lang='lat' dir='ltr'><strong>rum</strong></span> <span class='ocrx_word' id='word_1_290' title='bbox 253 3415 368 3486; x_wconf 88' lang='lat' dir='ltr'><strong>(Osanni</strong></span> <span class='ocrx_word' id='word_1_291' title='bbox 389 3415 517 3484; x_wconf 87' lang='lat' dir='ltr'><strong>aliorum)</strong></span> <span class='ocrx_word' id='word_1_292' title='bbox 541 3419 588 3486; x_wconf 89' lang='lat' dir='ltr'><strong>qui</strong></span> <span class='ocrx_word' id='word_1_293' title='bbox 611 3415 716 3471; x_wconf 85' lang='lat' dir='ltr'><strong>Graece</strong></span> <span class='ocrx_word' id='word_1_294' title='bbox 739 3416 923 3486; x_wconf 84' lang='lat' dir='ltr'><strong>Pelagoniam</strong></span> <span class='ocrx_word' id='word_1_295' title='bbox 942 3416 1086 3485; x_wconf 87' lang='lat' dir='ltr'><strong>scripsisse</strong></span> <span class='ocrx_word' id='word_1_296' title='bbox 1105 3415 1185 3470; x_wconf 91' lang='lat' dir='ltr'><strong>volu-</strong></span> 
     </span>
     <span class='ocr_line' id='line_1_38' title="bbox 171 3486 1186 3558; baseline -0.003 -14"><span class='ocrx_word' id='word_1_297' title='bbox 171 3492 261 3545; x_wconf 86' lang='lat' dir='ltr'><strong>erunt.</strong></span> <span class='ocrx_word' id='word_1_298' title='bbox 298 3486 431 3543; x_wconf 84' lang='lat' dir='ltr'><strong>Latinum</strong></span> <span class='ocrx_word' id='word_1_299' title='bbox 454 3487 620 3558; x_wconf 87' lang='lat' dir='ltr'><strong>scriptorem</strong></span> <span class='ocrx_word' id='word_1_300' title='bbox 642 3488 689 3543; x_wconf 86' lang='lat' dir='ltr'><strong>vel</strong></span> <span class='ocrx_word' id='word_1_301' title='bbox 711 3488 834 3557; x_wconf 85' lang='lat' dir='ltr'><strong>epistula</strong></span> <span class='ocrx_word' id='word_1_302' title='bbox 851 3487 923 3542; x_wconf 90' lang='lat' dir='ltr'><strong>libro</strong></span> <span class='ocrx_word' id='word_1_303' title='bbox 947 3487 1071 3556; x_wconf 83' lang='lat' dir='ltr'><strong>praefixa</strong></span> <span class='ocrx_word' id='word_1_304' title='bbox 1089 3487 1186 3555; x_wconf 82' lang='lat' dir='ltr'><strong>arguit</strong></span> 
     </span>
    </p>
   </div>
   <div class='ocr_carea' id='block_1_5' title="bbox 0 0 1282 3900">
    <p class='ocr_par' dir='ltr' id='par_1_7' title="bbox 0 0 1282 3900">
     <span class='ocr_line' id='line_1_39' title="bbox 0 0 1282 3900; baseline 0 1"><span class='ocrx_word' id='word_1_305' title='bbox 0 0 1282 3900; x_wconf 95' lang='lat' dir='ltr'><strong> </strong></span> 
     </span>
    </p>
   </div>
  </div>
 </body>
</html>
