2554 3900
511 185 726 248 -11-

177 349 303 409 Parcius
333 349 359 408 is
389 349 443 426 qui
472 348 692 425 hippiatrorum
722 348 834 424 scripta
867 349 1044 424 compilavit
1073 349 1126 409 ad·

106 439 213 501 hibuit
234 437 426 515 Anatolium,
450 438 618 514 Tiberium,
641 436 890 515 Agathotychum
914 438 1064 517 aliosque,
1088 436 1134 500 da'

106 529 220 607 quibus
235 527 309 604 quid
322 527 395 587 novi
407 526 558 602 proferam
577 545 638 586 non
656 519 793 607 habeol).
828 525 1025 603 Pelagonium
1043 528 1126 589 haud

106 619 155 678 ita
179 618 333 694 eleganter
357 613 467 675 Graece
491 615 624 674 reddidit
646 633 744 692 neque
773 615 906 691 peccatis
934 617 1125 693 gravioribus

108 705 272 782 abstinuit,
302 723 380 782 quae
403 705 532 764 fortasse
555 707 703 764 nontam
729 703 889 779 interpreti
911 724 1003 782 quam
1027 725 1126 766 exem-

106 795 190 872 plari
213 793 328 853 abillo
351 793 487 853 adhibito
510 812 571 853 non
594 793 677 852 omni
698 792 775 852 vitio
799 793 914 852 carenti
937 794 1035 854 danda
1054 800 1126 857 sunt

108 883 236 943 crimini.
270 881 306 941 de
330 900 445 959 quare
467 881 597 942 videsis
620 881 869 941 commentarium
894 899 917 940 e.
941 902 985 960 gr.
1010 884 1049 943 ad
1074 888 1124 945 14.

110 975 164 1033 15.
189 974 238 1032 20.
267 973 340 1032 383.
387 970 549 1030 dolendum
576 989 647 1029 sane
671 972 717 1030 est
745 971 826 1047 quod
847 970 996 1046 interpres
1020 975 1067 1033 tot
1090 993 1125 1034 ac

106 1064 197 1120 tanta
216 1060 327 1137 omisit,
350 1059 562 1136 superstitiosa
578 1058 707 1118 maxime
727 1077 805 1137 quae
823 1078 884 1119 non
906 1061 1021 1136 sprevit
1039 1062 1125 1122 Pela-

107 1149 219 1228 gonius
243 1148 352 1226 dignus
375 1148 456 1208 hisce
480 1149 512 1207 in
534 1148 623 1208 rebus
646 1146 774 1225 Apsyrti
797 1151 937 1208 sectator.

177 1236 301 1298 Codices
324 1237 585 1314 Hippiatrioorum
613 1235 798 1298 Graecorum
826 1241 1026 1316 congruentes
1054 1257 1123 1299 oum

108 1327 242 1388 editione
275 1325 407 1403 Grynaei
437 1346 498 1387 non
534 1344 645 1402 paucos
681 1325 883 1387 bibliothecae
919 1321 1125 1407 adservant2).

106 1418 176 1493 ipsa
200 1414 334 1493 Grynaei
364 1415 456 1475 editio
486 1415 597 1476 codicis
626 1415 723 1475 instar
754 1419 800 1476 est
828 1407 890 1496 (H)
920 1434 1018 1493 neque
1041 1416 1124 1492 mali,

107 1505 253 1583 quoniam
282 1505 380 1564 multa
409 1505 518 1563 menda
541 1504 655 1567 leviora
685 1504 769 1564 sacili
805 1523 896 1579 opera
929 1505 1125 1582 corriguntur

108 1597 177 1654 orta
200 1594 328 1653 fortasse
352 1594 537 1672 typographi
564 1594 662 1669 culpa.
704 1593 837 1668 optimus
867 1592 1125 1668 Hippiatrioorum

107 1682 204 1742 codex
230 1682 292 1740 iam
318 1682 454 1742 Berolini
482 1684 565 1742 extat
592 1683 625 1740 in
657 1680 842 1740 bibliotheca
870 1680 955 1758 regia
985 1681 1124 1759 signatus

107 1765 164 1831 ‘ax
186 1770 256 1830 bibl
284 1771 466 1830 Meermann.
490 1772 554 1830 cod.
582 1770 712 1846 Philipp.
738 1761 850 1847 1538',
878 1768 1124 1832 membranaceus

106 1861 254 1920 foliorum
278 1861 350 1932 394,
375 1860 495 1938 egregie
520 1860 660 1918 exaratus
684 1876 760 1918 saec.
784 1858 812 1916 X
834 1859 883 1920 vel
901 1851 986 1942 XI,³)
1015 1859 1123 1939 dignus

108 1949 164 2027 qui
195 1949 426 2008 fundamentum
457 1948 497 2008 sit
529 1967 625 2010 novae
658 1947 813 2025 editionis,
846 1967 1032 2026 quamquam
1062 1969 1124 2009 non

108 2056 210 2117 pauca
233 2038 308 2097 folia
330 2041 501 2113 temporum
528 2037 643 2098 invidia
670 2037 860 2097 interierunt.
902 2039 1027 2098 lacunas
1056 2057 1123 2097 ora-

107 2128 224 2188 tionem
248 2126 378 2204 Grynaei
406 2126 545 2186 editionis
573 2145 789 2203 nonnunquam
816 2126 983 2187 incidentes
1010 2128 1123 2202 pleras-

107 2234 168 2293 que
196 2214 271 2275 bene
305 2216 417 2294 explet,
450 2216 593 2275 lemmata
628 2215 793 2293 integriora
823 2216 963 2276 servavit.
1014 2216 1124 2275 lacuna

107 2305 206 2365 maior
232 2304 264 2363 in
297 2303 411 2364 Graeca
442 2304 572 2364 editione
604 2306 650 2364 est
679 2325 707 2379 p.
735 2307 789 2381 74,
819 2306 889 2380 post
920 2303 1013 2365 verba
1044 2304 1123 2362 enim

107 2386 155 2465 οἷς
177 2392 360 2474 χρησάμενος
383 2389 431 2452 ἐπὶ
453 2390 548 2472 τρισὶν
567 2388 690 2473 ἡμέραις
708 2392 903 2471 θεραπεύσεις
921 2392 1069 2453 accedunt
1088 2411 1124 2451 ex

107 2482 297 2542 Berolinensi
320 2473 374 2564 (P)
398 2501 477 2540 nova
500 2482 538 2541 ad
561 2483 671 2542 tussim
692 2480 824 2539 remedia
853 2482 933 2539 octo:
966 2478 1040 2559 πρὸς
1069 2479 1124 2556 τὴν

107 2567 141 2630 ἐκ
163 2569 355 2648 καταψύξεως
382 2571 473 2650 βῆχα,
502 2569 645 2640 σύνθεσις
672 2564 887 2647 ἕγχαματισμοῦ
915 2566 957 2637 εἰς
985 2564 1018 2626 τὸ
1042 2565 1124 2644 αὐτό,

107 2657 278 2740 &pararant
301 2657 376 2740 πρὸς
399 2660 476 2739 βῆχα
499 2655 575 2739 (tres
597 2655 829 2732 compositiones
853 2649 1018 2737 diversae),
1053 2651 1124 2717 dito

106 2846 313 2916 Heusingemm
331 2851 442 2901 α.1843
461 2843 560 2899 Gissaa
584 2843 704 2900 edidisse
728 2844 993 2899 commentationem
1017 2845 1062 2900 cui
1080 2845 1124 2899 in·

107 2917 240 2972 scribitur
255 2916 483 2984 ‘Theomnastus
497 2914 704 2970 Leibthierarat
718 2913 910 2970 Theoderiohs
921 2917 969 2971 des
978 2917 1123 2972 Groseen’.

107 3004 180 3060 quae
199 2989 274 3057 quod
292 2988 363 3042 mibi
381 3003 438 3043 non
456 2990 569 3057 praesto
588 2985 644 3040 fuit
657 2986 810 3041 dolendum
825 3004 891 3040 num
910 2986 948 3041 sit
966 2987 1073 3043 dubito.
1088 3019 1126 3029 —

107 3059 292 3115 Theomnasti
309 3059 422 3114 nomina
440 3058 568 3112 feruntur
587 3057 673 3112 etiam
688 3055 812 3127 Geopon.
827 3056 893 3111 XVI
912 3074 992 3126 capp.
1010 3065 1124 3115 12-16.

107 3130 174 3186 XIX
193 3135 218 3184 3.
252 3128 292 3184 ef.
313 3129 437 3196 Gemoll,
458 3128 581 3183 Berliner
600 3125 719 3182 Studien
737 3129 750 3181 Ι
770 3132 840 3183 1884
858 3145 885 3198 p.
902 3133 934 3182 77
946 3145 987 3196 eq.

180 3204 208 3269 1)
229 3202 270 3256 De
294 3199 425 3255 Anatolio
449 3198 673 3268 Geoponicorum
696 3205 809 3252 auctore
832 3199 984 3269 praecipuo
1010 3217 1043 3256 co
1065 3201 1124 3257 iose

107 3273 157 3328 alii
166 3272 310 3327 dixerunt:
325 3269 445 3339 Gemoll,
454 3269 581 3326 Berliner
591 3268 731 3326 Studienl
743 3272 812 3324 1884
826 3286 852 3339 p.
866 3275 978 3325 1-280.
997 3271 1028 3328 Ε.
1041 3219 1124 3342 door,

107 3344 178 3400 Mus.
198 3343 288 3398 Rhen.
307 3347 342 3397 45
360 3360 387 3412 p.
404 3346 437 3396 68
449 3360 489 3409 sq.

179 3419 208 3482 2)
227 3415 434 3468 Enumerantur
457 3412 588 3468 nonnulli
606 3411 635 3466 in
655 3409 781 3467 Fabricii
798 3409 871 3466 Bibl.
891 3409 937 3468 Gr.
958 3412 1025 3468 edit.
1046 3414 1124 3471 Harl.

181 3503 211 3626 35
227 3557 378 3612 Hasnelius
397 3555 482 3611 catal.
500 3555 597 3612 libror.
616 3571 668 3608 ms.
687 3570 714 3623 p.
730 3557 781 3608 838
801 3550 913 3608 saeculo
932 3553 971 3606 IX
988 3552 1098 3607 tribuit.
