2554 3900
539 169 736 234 ..5-

194 332 250 394 ΠΙ.
272 333 398 392 Praeter
417 332 533 390 codices
551 333 784 394 Riccardianum
802 327 860 414 (R)
884 337 915 393 et
934 333 1143 394 Vindobonen·

126 442 193 483 som
217 416 275 503 (B)
298 422 337 481 ad
359 420 572 480 recensendam
596 425 627 481 et
654 424 871 482 emendandam
897 423 1055 500 Pelagonii
1078 442 1143 483 ora·

126 513 244 572 tionem
256 511 422 588 plurimum
436 510 570 571 conferre
583 511 775 588 Hippiatrica
790 511 904 572 Graeca
918 511 1143 572 Eichenfeldius

126 601 260 661 editores
271 599 460 678 Florentinos
471 600 615 676 exemplis
625 601 729 660 docuit
738 601 911 660 luculentis.
935 601 972 660 de
983 620 1042 677 quo
1053 619 1142 676 opere

127 691 255 766 eiusque
275 687 470 765 scriptoribus
484 688 651 763 praelibare
665 708 763 766 pauca
777 709 837 749 non
851 690 959 748 inutile
973 690 1074 750 visum
1089 693 1142 749 est.

197 778 350 837 Simonem
368 777 597 854 Atheniensem,
617 779 670 855 qui
689 781 759 838 ante
782 779 988 854 Xenophontis
1006 781 1143 854 tempora

127 867 190 926 fuit
212 859 360 947 (Xenoph.
389 862 456 944 περὶ
483 864 606 944 ἱππικῆς
632 867 692 926 [1.
713 869 742 927 3.
764 867 808 926 ΧΙ
827 859 875 949 6),
897 867 1029 943 primum
1051 868 1087 926 de
1110 885 1142 925 re

128 951 265 1032 equestri
293 955 447 1030 scripsisse
475 957 583 1015 auctor
614 958 660 1015 est
687 956 804 1015 Plinius
830 959 893 1016 nat.
921 956 990 1016 hist.
1020 959 1076 1033 34,
1101 958 1141 1016 76

129 1044 196 1104 eius
225 1045 390 1120 imaginem
417 1062 436 1101 a
467 1043 621 1104 Demetrio
651 1045 798 1104 statuario
831 1046 943 1105 factam
974 1045 1102 1104 laudans
1111 1038 1143 1121 ¹).

127 1133 344 1209 Epicharmum
353 1132 574 1210 Syracusanum
582 1134 732 1209 pecudum
741 1133 1143 1211 medicinasdiligentissime

129 1222 343 1298 conscripsisse
369 1220 537 1281 Columella
564 1225 697 1282 testatur
720 1223 779 1283 VII
799 1225 829 1300 3,
850 1225 867 1283 6
893 1215 946 1304 (cf.
969 1223 985 1281 Ι
1010 1225 1038 1299 1,
1058 1217 1092 1301 8)
1102 1215 1143 1302 2);

127 1311 290 1390 Magonem
304 1309 583 1387 Carthaginiensem
596 1312 628 1370 in
645 1312 730 1372 libris
748 1312 785 1371 de
804 1312 991 1390 agricultura
1004 1310 1144 1382 XXVIII,

129 1419 206 1477 quos
221 1398 343 1459 Cassius
357 1399 521 1475 Dionysius
535 1400 686 1461 Vticensis
700 1402 793 1462 vertit
810 1400 897 1460 libris
910 1402 965 1460 XX
980 1418 1015 1459 ac
1030 1398 1144 1458 Craeca

128 1489 237 1566 lingna
247 1488 372 1548 Sextilio
382 1489 516 1564 praetori
526 1490 618 1565 misit,
627 1490 802 1566 Diophanes
816 1490 848 1547 in
860 1490 1011 1564 epitomen
1025 1487 1144 1564 redegit

130 1571 231 1659 (Varr.
249 1596 305 1636 rer.
325 1580 399 1636 rust.
418 1576 478 1655 Ι1,
495 1569 559 1659 10),
579 1577 738 1655 Catonem,
757 1577 923 1636 Varronem
942 1577 1088 1635 nonnulla
1107 1575 1144 1634 do

128 1665 281 1743 pecudum
298 1665 410 1726 morbis
430 1666 558 1726 edidisse
576 1669 739 1744 praecepta
757 1684 905 1742 curasque
924 1684 984 1724 non
1001 1665 1144 1743 estquod

128 1755 229 1814 fusius
257 1773 411 1830 exponam.
457 1757 527 1830 post
558 1754 731 1814 Cornelium
759 1754 892 1831 Celsum,
920 1755 973 1832 qui
999 1755 1031 1813 in
1058 1754 1144 1814 libris

128 1843 167 1902 de
187 1845 376 1922 agricultura
393 1863 458 1902 rem
475 1844 649 1919 pecuariam
666 1844 789 1903 minime
808 1845 941 1921 neglexit
955 1836 1085 1925 (Colum.
1099 1842 1145 1901 VI

131 1934 162 2008 5,
182 1935 214 2007 53
239 1936 289 2004 14,
311 1935 339 1993 6.
370 1932 513 2010 Pelagon.
534 1934 584 1993 22.
606 1936 657 1992 31.
678 1935 750 1993 185.
770 1933 864 2012 287),
883 1932 1052 1994 Columella
1070 1933 1143 1992 duo·

129 2021 187 2080 bus
214 2041 316 2080 rerum
342 2015 525 2081 rusticarum
547 2022 647 2099 libris,
674 2022 718 2081 VI
741 2026 772 2082 et
789 2022 862 2097 VII,
885 2023 1015 2082 maxime
1043 2022 1144 2098 boum,

128 2111 259 2171 brevius,
281 2128 429 2187 equorum
455 2110 645 2187 aliorumque
671 2130 814 2187 pecorum
845 2111 965 2172 morbos
996 2129 1143 2187 curasque

129 2200 303 2275 complexus
323 2201 381 2276 est,
406 2199 515 2275 quibus
539 2217 575 2258 ex
593 2200 811 2276 posterioribus
829 2201 919 2260 multi
937 2201 985 2260 usi
1009 2202 1089 2276 sunt,
1108 2218 1145 2258 ex

129 2288 249 2347 Latinis
273 2287 470 2364 scriptoribus
494 2287 623 2348 maxime
645 2288 841 2368 Pelagonius,
864 2290 1021 2367 Vegetius,
1044 2289 1144 2347 Palla·

129 2376 207 2437 dius.
255 2377 308 2453 qui
339 2381 442 2436 autem
474 2375 511 2435 de
544 2379 609 2436 arto
641 2378 823 2440 veterinaria
852 2379 1019 2454 peculiares
1050 2376 1144 2435 libros

130 2465 298 2525 scriberent
319 2466 371 2526 vix
395 2469 465 2525 ante
489 2467 644 2526 saeculum
667 2465 736 2525 Chr.
759 2466 885 2527 tertium
913 2467 1048 2524 extitisse
1075 2483 1144 2540 pro-

204 2619 230 2685 1)
249 2615 326 2670 Libri
345 2616 381 2672 ab
401 2632 434 2671 eo
458 2615 608 2686 compositi
630 2617 739 2686 partem
757 2614 823 2686 περὶ
841 2617 935 2678 aldone
957 2614 1006 2670 καλ
1030 2609 1145 2685 ἐκλογῆς

130 2689 226 2742 λ’ππων
236 2686 266 2741 in
275 2687 501 2757 Cantabrigienei
515 2685 756 2757 Hippiatricorum
767 2686 862 2742 codice
871 2686 1017 2742 inventam
1030 2685 1145 2741 Darem-

129 2760 244 2828 bergius
259 2759 357 2827 edidit,
375 2758 492 2814 Noticcs
503 2761 532 2814 et
542 2756 659 2813 extruite
669 2758 719 2813 des
729 2776 780 2814 me.
791 2757 939 2814 medicaux
952 2757 1051 2828 (Paris.
1064 2760 1144 2826 1883)

128 2849 159 2902 p.
175 2837 233 2886 189.
258 2830 293 2884 cf.
310 2830 345 2885 de
361 2829 473 2884 Simone
487 2830 504 2884 J
506 2872 512 2884 .
523 2830 557 2884 G.
567 2827 730 2884 Schneideri
744 2834 893 2885 comment.
907 2830 937 2884 in
946 2831 1046 2900 Veget.
1056 2830 1144 2900 praef.

129 2919 158 2972 p.
185 2906 234 2969 1⁶3
261 2899 367 2956 Frider.
391 2899 474 2955 Blaee
497 2899 528 2955 in
549 2899 634 2955 Libro
657 2899 839 2957 miscellaneo
863 2899 941 2957 edito
965 2917 982 2956 a
1008 2901 1145 2956 societate

129 2971 308 3044 philologica
325 2971 469 3027 Bonnensi
487 2970 613 3041 (Bonnae
634 2973 714 3041 1864)
733 2989 761 3041 p.
782 2978 868 3042 49sq.
906 2971 1008 3041 Miller,
1027 2971 1144 3028 Notices

129 3047 161 3098 et
188 3041 305 3098 extraite
328 3042 377 3097 dee
399 3060 450 3097 ms.
478 3044 512 3098 de
535 3041 565 3098 la
587 3041 656 3098 bibl.
680 3042 827 3112 imperiale
854 3043 908 3098 vol.
929 3044 1027 3098 ΧΧΙλ
1052 3045 1144 3111 (1865)

128 3133 158 3186 p.
175 3121 236 3170 169.
267 3113 367 3169 laudat
385 3114 527 3169 Simonem
549 3112 694 3168 Hierocles
717 3113 803 3184 Hipp.
821 3132 849 3184 p.
868 3119 894 3170 8.
915 3121 977 3183 173,
1003 3115 1144 3185 incapite

128 3186 196 3256 περὶ
216 3186 310 3249 εἴδους
328 3185 422 3240 ἵππων
446 3185 604 3255 ἀφοριομοί
624 3182 669 3238 cui
692 3183 815 3240 auctoris
844 3203 947 3240 nomen
972 3184 1146 3256 adscriptum

128 3274 186 3312 non
201 3259 253 3324 eet,
268 3258 338 3312 haec
351 3272 379 3325 p.
391 3262 455 3310 ‘2612
470 3255 535 3327 περὶ
550 3255 638 3310 ἵππον
653 3255 747 3318 εἴδους
759 3260 872 3320 πολλοῖς
882 3255 1037 3328 γέγραπται
1045 3260 1145 3323 καλῶς,

129 3327 232 3400 ἄριστοι
250 3325 283 3382 di
301 3327 417 3383 πάντων
435 3329 545 3398 Σίμωνι
563 3326 612 3381 aei
630 3326 796 3396 Ξενοφῶντι
816 3325 976 3398 Ἀθηναίοις
998 3325 1144 3398 ἀνδράσιν.

202 3402 231 3468 λ)
255 3399 291 3454 ef.
310 3398 381 3468 Eug.
402 3397 476 3453 Oder
498 3399 575 3468 apud
598 3397 779 3453 Franciseum
803 3399 954 3467 Sueemihl,
977 3396 1144 3454 Geschichte

129 3469 182 3525 der
195 3471 302 3541 griech
315 3469 470 3526 litteratur
488 3469 518 3524 in
537 3468 588 3523 der
600 3467 873 3539 Alexandrineraeit‚
893 3469 906 3523 Ι
924 3469 1046 3540 (Lipsiae
1062 3470 1142 3533 1891)

127 3561 157 3613 p.
176 3546 229 3597 481
244 3559 286 3611 eq.
