2554 3900
571 125 762 188 ..2-

157 287 270 351 litterls
293 272 560 349 fere‘uncialibus.
596 308 694 366 neque
718 288 785 347 aliis
812 287 887 348 locis
910 288 1041 365 vestigia
1064 288 1177 349 desunt

158 399 245 456 quae·
266 378 443 438 confirment
471 378 669 455 archetypum
695 379 820 453 propter
846 377 1018 436 litterarum
1044 378 1176 438 formam

158 469 278 528 saeculo
293 467 337 525 IX
356 466 557 542 antiquiorem
576 466 772 526 iudicandum
791 484 864 543 esse,
884 466 1031 542 scriptum
1044 467 1175 527 fortasse

158 575 234 617 saec.
252 548 441 636 VIIJVHF).
474 573 583 614 nomen
602 555 734 614 auctoris
752 555 855 631 prodit
872 555 969 614 altera
987 555 1085 614 libelli
1103 557 1175 616 sub·

158 645 282 720 scriptio
306 645 415 703 notatu
437 643 530 722 digna
552 645 626 704 haec

177 731 386 806 COIIENTVM
405 749 512 805 ARTIS
535 749 740 806 MEDICINAE
760 749 829 804 SEV
848 749 1161 804 VETERANAERIAE

177 838 344 895 EXPLICIT
361 839 654 895 PELAGONIORVM
673 837 993 908 SALONINIORVW).

159 966 251 1025 quam
279 946 332 1023 qni
360 945 470 1022 legerit
496 945 586 1004 facile
614 943 735 1004 Osanna
760 936 861 1024 aliis³)
889 944 1078 1004 adsentietur
1104 945 1172 1022 ipso

157 1035 270 1113 plurali
293 1053 419 1094 numero
442 1034 571 1093 nominis
590 1033 826 1110 Pelagoniorum
848 1033 994 1092 indicium
1018 1034 1092 1092 artis
1111 1054 1173 1095 non

157 1125 195 1184 ab
223 1142 283 1183 uno
312 1124 364 1183 sed
388 1143 406 1181 a
439 1122 557 1182 duobus
584 1123 634 1183 vel
665 1121 805 1198 pluribus
833 1123 988 1182 confectae
1017 1122 1173 1202 contineri,

156 1212 336 1290 praesentim
363 1230 433 1271 oum
459 1211 535 1270 bene
564 1211 732 1287 comparari
763 1210 882 1287 possint
910 1209 1057 1270 Sasernae
1084 1214 1175 1288 pater

158 1306 189 1362 11
214 1301 296 1360 filius
320 1300 537 1377 Quinctiliique
559 1301 669 1359 fratres
696 1299 845 1360 librorum
873 1299 909 1358 de
937 1300 1028 1359 rebus
1049 1301 1174 1362 rusticis

156 1381 336 1470 auctores4).
370 1389 421 1448 sed
434 1389 555 1448 facilius
573 1408 637 1448 rem
651 1388 784 1464 expediri
803 1406 890 1464 posse
909 1388 1011 1466 credo,
1030 1389 1174 1448 1111111-

155 1481 224 1558 typi
237 1479 370 1539 indolem
385 1478 557 1537 accuratius
570 1477 826 1554 perpenderimus.
854 1495 914 1536 non
928 1495 997 1536 raro
1012 1477 1174 1537 verborum

156 1572 315 1630 contextus
342 1568 412 1627 libri
439 1566 630 1626 Riccardiani
656 1566 701 1624 ita
728 1565 869 1625 turbatus
898 1569 956 1644 est,
990 1569 1026 1626 ut
1043 1566 1173 1626 duobus

156 1659 230 1718 locis
243 1659 306 1717 iam
318 1657 512 1716 Florentinns
531 1656 628 1716 editor
650 1654 898 1730 interpolationes
918 1656 1074 1714 statueret.
1104 1656 1171 1716 dico

157 1748 261 1805 autem
283 1746 365 1805 locos
388 1765 407 1804 a
434 1765 481 1805 me
509 1745 595 1804 uncis
624 1744 780 1822 quadratis
804 1744 1033 1820 comprehensos
1058 1741 1099 1820 ἐξ
1121 1748 1172 1804 14.

158 1836 208 1896 69.
235 1835 307 1893 118.
334 1835 405 1893 138.
432 1835 504 1892 146.
529 1835 601 1892 204.
627 1836 699 1894 206.
725 1835 798 1892 421.
823 1835 901 1910 441,
930 1832 1038 1910 quibus
1069 1833 1172 1893 eiectis

155 1923 231 1983 bene
253 1921 391 1998 procedit
418 1921 524 1981 oratio.
562 1939 640 1997 quae
669 1922 759 1981 aliter
786 1921 930 1997 explicari
957 1940 1017 1980 non
1043 1925 1173 1997 possunt

155 2012 216 2071 nisi
244 2010 441 2070 statuerimus
469 2028 505 2067 ex
532 2008 649 2068 duobus
677 2009 831 2068 codicibus
860 2013 1062 2069 commentum
1094 2011 1171 2070 illud

156 2095 231 2160 artis
254 2098 455 2160 veterinariae
477 2098 614 2175 fluxisse,
639 2117 708 2157 eum
727 2101 830 2157 autem
849 2099 903 2174 qui
926 2099 1117 2160 concinnavit
1135 2119 1172 2160 ea

157 2207 234 2266 quae
257 2188 289 2246 in
313 2188 408 2246 altero
432 2187 534 2247 codice
553 2186 756 2263 discrepantia
774 2187 920 2264 reperiret
938 2187 1098 2248 adnotasse
1117 2192 1171 2248 aut

155 2277 187 2336 in
210 2276 348 2354 margine
371 2277 427 2334 aut
453 2275 534 2334 inter
560 2294 677 2354 versus,
705 2276 784 2335 unde
813 2277 902 2354 culpa
930 2277 1044 2336 scribae
1072 2277 1172 2338 minus

155 2365 248 2443 periti
279 2365 310 2423 in
348 2364 446 2441 ipsam
478 2364 644 2424 orationem
676 2365 751 2423 locis
783 2384 844 2424 non
876 2364 939 2425 suis
970 2365 1172 2442 inrepserunt.

155 2476 251 2515 unum
274 2454 322 2513 hic
346 2454 420 2513 satis
443 2453 539 2513 habeo
562 2453 755 2530 proposuisse
779 2454 949 2530 exemplum
972 2455 1171 2532 luculentum,

157 2546 193 2604 de
217 2544 285 2605 aliis
304 2543 373 2606 vide
397 2563 475 2621 quae
499 2543 624 2620 exposui
646 2542 723 2602 Mus.
742 2542 835 2602 Rhen.
860 2543 979 2604 11146
1003 2564 1032 2620 p.
1053 2546 1116 2604 372
1128 2563 1172 2621 sq.

155 2653 220 2711 cap.
244 2633 320 2693 VIII
349 2630 369 2708 ἐ
394 2636 457 2693 118
486 2625 528 2710 (p.
549 2635 590 2693 39
616 2626 799 2708 1181111.)
831 2631 866 2692 81·
897 2650 986 2706 equus
1011 2634 1172 2707 peduculos

155 2727 188 2782 iu
211 2724 355 2782 1111111111
376 2722 522 2798 habuerat,
548 2723 721 2795 iutellcpu'tur
744 2738 809 2780 cum
830 2721 994 2796 frequenter
1016 2726 1171 2796 torquetur.

228 2928 254 2993 1)
275 2922 316 2978 Of.
335 2922 622 2979 commentatiuncula
640 2940 724 2992 quam
746 2924 845 2994 scripsi
864 2927 925 2980 Zur
949 2925 1171 2999 Ucbcrluscruup

155 2998 202 3052 des
222 2995 393 3063 Pclcpoua‘ue
410 2993 502 3047 Musei
520 2993 649 3048 Rhenani
667 2993 723 3050 vol.
738 3001 773 3051 46
791 3014 819 3065 p.
834 3002 883 3052 371
897 3012 954 3064 seq.

227 3070 254 3132 2)
275 3065 432 3119 Secundum
451 3082 560 3118 versum
580 3064 737 3120 Politianus
755 3066 875 3136 scripsit.

228 3139 255 3207 8)
276 3135 383 3205 Osann,
404 3135 548 3200 Quaedam
563 3135 598 3190 de
613 3135 766 3206 Pelagonio
780 3136 1018 3207 Hippiatricorum
1034 3138 1171 3208 scriptore

153 3207 266 3280 (Gissae
286 3207 367 3275 1843)
391 3224 419 3275 p.
436 3211 477 3261 17.
510 3207 545 3262 cf.
565 3207 586 3260 Ι.
602 3208 637 3262 de
656 3207 833 3279 Eichenfeld,
857 3207 971 3262 Wiener
993 3208 1171 3265 Jahrbiicber

155 3280 205 3334 der
223 3277 368 3332 Literatnr
385 3277 442 3332 vol.
456 3283 490 3330 44
509 3279 601 3348 (1828)
620 3278 819 3350 Anzeigeblatt
836 3298 861 3349 p.
877 3285 919 3334 51.

227 3353 254 3416 4)
273 3348 314 3402 De
328 3347 385 3402 illie
403 3347 438 3402 cf.
453 3347 663 3404 Reitzensteinii
678 3349 742 3406 diss.
762 3351 798 3404 de
814 3349 980 3420 scriptorum
993 3349 1035 3404 rei
1048 3350 1170 3405 rusticae

156 3418 206 3490 qui
224 3418 403 3474 intercedunt
420 3419 495 3474 inter
508 3419 642 3474 Catonem
661 3424 690 3475 et
704 3421 888 3476 Columellam
907 3420 987 3475 libris
1005 3420 1169 3490 deperditis,

154 3490 247 3547 Berol.
268 3496 338 3547 1884
356 3508 385 3559 p.
400 3496 498 3562 tseq„
518 3491 553 3545 de
571 3492 615 3546 bis
634 3491 758 3561 Geopon.
778 3491 845 3549 edit.
863 3491 958 3546 Nicias
977 3491 989 3544 Ι
1008 3509 1035 3560 p.
1051 3489 1147 3547 LXIX.
