2554 3900
563 138 781 202 ,(52.-

98 316 155 373 142
233 297 366 358 Curatur
393 301 494 358 autem
524 300 648 376 dysuria
673 301 723 360 vel
752 301 925 380 strangmia
955 302 1009 362 sic:
1041 303 1181 364 coliculo-

164 406 233 447 rum
256 388 415 449 fasciculos
438 408 507 448 cum
525 389 606 449 foliis
626 389 688 448 suis
707 391 847 468 decoque,
870 390 938 449 inde
957 391 1090 467 exprime
1109 392 1182 452 folia

164 480 196 537 et
226 478 339 556 proice,
373 481 404 537 et
435 497 545 556 aquae,
577 478 609 537 in
641 497 702 555 qua
734 479 854 538 coliculi
886 479 1000 539 decocti
1033 483 1117 558 sunt,
1151 482 1180 540 id

164 570 211 626 est
238 570 274 625 ut
300 566 412 627 habeat
439 585 519 643 aqua
546 567 613 643 ipsa
635 586 807 627 mensuram
834 568 970 646 sextarii,
1001 567 1095 646 iunge
1118 570 1180 630 viui

164 655 316 714 heminam
343 658 374 715 11
402 655 460 715 olei
489 656 682 715 acetabulum
709 659 740 715 11
766 677 820 732 per
845 676 948 716 narem
972 659 1109 717 dextram
1132 677 1180 718 su·
1204 677 1214 715 s

163 744 331 820 prescripta
354 745 478 803 infunde
502 747 533 803 et
555 745 727 804 deambulet
750 748 781 804 11
802 745 903 804 meiat.

97 840 155 896 1411
229 833 307 891 Item
338 833 429 892 aliud.
476 833 661 892 absinthium
690 852 759 892 cum
788 833 859 893 vino
889 834 1020 910 decoque
1051 836 1089 894 ad
1117 854 1180 896 sex-

164 921 277 979 tarium
300 941 360 981 non
382 922 506 999 plenum
529 924 559 982 et
580 926 618 981 ut
640 939 732 998 supra
754 942 808 999 per
829 942 933 982 narem
955 923 1099 983 infundis

97 1018 153 1074 144
231 1009 332 1068 Aliud.
384 1030 599 1090 opopanacem,
632 1013 781 1087 quantum
811 1011 900 1089 digiti
930 1012 1054 1072 minoris
1085 1015 1179 1072 extre·

164 1098 255 1157 mites
279 1101 332 1177 est,
356 1119 424 1159 cum
447 1100 526 1177 vino,
549 1103 586 1158 ut
609 1119 701 1176 supra
724 1102 777 1178 est,
801 1100 894 1160 dabis
1191 1120 1211 1158 rc

97 1194 153 1252 145
230 1188 331 1247 Aliud.
368 1188 477 1247 radicis
500 1206 600 1247 semen
621 1191 700 1248 teres
723 1189 754 1247 et
778 1207 847 1248 cum
868 1189 939 1248 vino
962 1191 993 1248 11
1017 1191 1055 1248 ut
1074 1207 1178 1266 supra·

164 1277 311 1354 scripturn
334 1280 380 1336 est
402 1277 494 1336 dabis.

94 1374 151 1430 146
227 1366 329 1425 Aliud.
363 1383 450 1441 cepas
469 1365 632 1444 longiores,
652 1365 725 1442 quia
744 1368 815 1424 sunt
832 1365 930 1444 magis
949 1367 1086 1444 acriores,
1108 1387 1177 1444 pur-

160 1454 246 1532 gabis
276 1458 308 1514 11
337 1454 505 1533 confringes
535 1454 654 1531 aliquas
685 1455 817 1531 quinque
848 1457 880 1513 et
905 1474 982 1530 pone
1010 1455 1042 1512 in
1066 1475 1124 1516 ano
1148 1459 1177 1516 11

160 1543 296 1604 ambulet
320 1546 351 1602 et
374 1543 474 1604 meiat.
519 1544 642 1620 prodest
669 1546 700 1602 11
725 1562 805 1619 aqua
830 1543 929 1602 calida
955 1562 1040 1603 renes
1066 1544 1175 1605 fovere.
1190 1559 1211 1599 15

159 1635 260 1691 errant
279 1635 380 1692 tamen
399 1633 489 1692 multi
508 1632 632 1693 dicendo
651 1633 798 1710 prodesse,
817 1635 854 1690 ut
871 1651 995 1691 manum
1013 1653 1067 1708 per
1085 1651 1177 1692 anum

158 1721 291 1798 mittant,
316 1722 460 1797 quoniam
483 1719 527 1798 [in
550 1726 679 1798 utroque
703 1721 887 1781 contrarium
910 1719 969 1797 est]
993 1725 1024 1780 et
1046 1722 1176 1782 vesicam

159 1807 285 1865 laedunt
307 1811 339 1866 et
355 1813 490 1868 meatim
508 1810 608 1886 ipsum
625 1810 779 1888 unguibus
798 1809 967 1869 vulnerant.
1010 1809 1035 1868 si
1058 1811 1175 1869 tardius

158 1895 278 1954 urinam
310 1896 426 1974 fecerit,
459 1901 573 1957 stercus
605 1899 746 1958 caninum
776 1917 845 1958 oum
875 1899 936 1958 sale
966 1899 1174 1959 hammoniaco

159 1983 229 2043 vino
253 1984 435 2059 permixtum
458 1985 550 2044 dabis
1187 2004 1210 2044 so

92 2084 146 2140 141
226 2073 327 2131 Aliud.
369 2072 423 2131 alii
445 2073 581 2149 capitula
603 2075 663 2134 duo
685 2077 817 2154 purgata
840 2077 914 2134 trita
936 2075 1006 2136 vino
1026 2077 1174 2152 permixta

159 2160 243 2219 dabis
267 2163 298 2220 et
319 2160 411 2220 facies
435 2181 547 2239 equum
569 2182 695 2223 currere.

91 2261 147 2316 148
224 2250 309 2310 Item.
352 2251 433 2310 ebuli
455 2251 587 2311 radicem
609 2253 754 2314 conterite
778 2272 846 2312 cum
864 2253 935 2314 vino
958 2254 1054 2313 veteri
1078 2258 1109 2314 et
1126 2275 1171 2314 ex-

157 2339 279 2414 primite
310 2339 340 2400 11
369 2360 423 2417 per
452 2340 610 2401 linteolum
641 2342 739 2402 colato
770 2345 800 2401 st
830 2342 914 2401 dabis
944 2362 998 2418 per
1027 2345 1170 2419 utrasque

155 2447 250 2489 nares
1183 2441 1204 2484 ²⁵

89 2526 145 2585 141)
222 2519 322 2580 Aliud.
369 2520 507 2596 puleium
530 2539 598 2579 oum
622 2538 703 2596 aqua
724 2519 886 2578 bibendum
909 2519 1073 2595 praebebis.

89 2617 146 2672 150
222 2609 316 2668 Aliud
340 2610 378 2669 ad
401 2609 524 2685 eosqui
544 2629 604 2668 non
622 2608 746 2685 meiant,
770 2604 948 2686 (Magonis)
968 2607 1170 2685 Carchedonii,

156 2697 237 2771 quod
265 2699 346 2757 solus
375 2697 570 2757 adseveravit.
617 2697 690 2757 dicit
717 2696 796 2756 enim
824 2697 929 2756 debere
958 2698 993 2756 dc
1021 2697 1171 2774 prioribus

154 2783 281 2858 pedibus
312 2785 444 2861 ungulas
482 2784 585 2843 subter
616 2785 711 2861 ipsius
749 2786 819 2861 equi
851 2785 918 2844 radi
950 2789 981 2844 et
1012 2787 1071 2846 teri
1104 2807 1170 2847 cum

154 2870 219 2929 vini
243 2874 314 2930 sext.
339 2875 370 2930 11
392 2871 515 2930 naribus
538 2871 664 2934 infundi.
712 2874 869 2934 adseverat
898 2875 1099 2934 certissimum
1128 2895 1170 2934 re·
1184 2888 1205 2926 ³⁰

155 2959 295 3018 medium.

88 3058 142 3113 151
221 3047 299 3107 Item
327 3048 410 3107 aliud
437 3049 575 3126 Apsyrti,
604 3052 684 3126 quod
712 3071 742 3112 se
771 3051 851 3127 apud
880 3052 1033 3111 Sarmatas
1061 3053 1172 3112 vidisse

228 3223 240 3272 1
267 3216 449 3272 auliculorum
467 3222 477 3290 l
495 3225 512 3273 8
531 3236 605 3288 aqua
625 3222 630 3288 Ι
650 3219 764 3274 culiculi
788 3222 799 3289 l
816 3227 833 3275 4
851 3221 976 3276 babeant
993 3222 1002 3290 ss
1021 3227 1037 3276 9
1065 3239 1172 3292 ypopa-

155 3303 254 3342 nacem
276 3291 285 3358 11
309 3295 341 3342 11
361 3289 450 3343 radici
469 3306 527 3343 sem
549 3293 560 3360 l
583 3296 616 3344 15
636 3289 739 3344 callida
753 3293 763 3361 ss
779 3297 811 3344 18
830 3293 950 3357 leduntl
970 3298 1002 3346 19
1022 3293 1146 3348 stercum
1167 3292 1171 3364 Ι

155 3373 218 3410 cum
243 3360 301 3412 sale
324 3359 532 3430 hammoniaco]
556 3359 625 3430 μετὰ
648 3359 749 3422 diceros
766 3361 816 3415 ccl
834 3360 1018 3432 ἁμμωνιακοῦ
1038 3363 1074 3417 Η
1090 3369 1146 3419 117
1164 3365 1174 3434 ll

156 3434 188 3481 21
209 3428 263 3482 alei
277 3430 287 3498 ΙΙ
301 3435 335 3483 23
350 3428 443 3483 aebuli
457 3431 466 3497 1
480 3435 514 3482 26
530 3430 658 3497 prebebis
672 3432 682 3499 1
696 3439 728 3484 21
743 3434 912 3486 carchedoni
925 3437 935 3504 l
949 3439 983 3486 32
1003 3435 1115 3502 adsyrti
1130 3436 1173 3502 (ia

155 3501 279 3568 margine
297 3501 384 3555 addit.
403 3517 489 3568 manu
507 3499 645 3554 Potitium·
662 3504 809 3570 Apsyrtus)
