2554 3900
706 965 794 1006 Nullius
808 966 840 1005 rei
852 966 939 1006 scientia
952 968 1002 1007 cilis
1015 971 1051 1007 ert.

732 1035 812 1086 Veget.
827 1036 948 1076 mulomed.
962 1037 1034 1085 praei.
1049 1039 1066 1087 5.
1077 1039 1096 1078 9.

176 1147 200 1208 Ι.
227 1146 316 1208 Anno
333 1149 417 1208 1826
437 1147 609 1207 Florentiae
627 1149 741 1224 prodiit
759 1143 921 1223 ‘Peloponit
940 1151 1124 1210 Vetertaorta

109 1253 144 1296 ec
170 1237 371 1296 Richarde'ono
399 1237 493 1297 codice
525 1241 668 1310 moeream
695 1242 722 1296 et
748 1257 767 1298 a
793 1240 905 1297 mendis
926 1243 1059 1313 perpete
1086 1241 1123 1299 ob

108 1326 232 1399 Iosepbe
263 1325 450 1394 Sarebteuto,
481 1343 560 1385 come
585 1329 721 1401 primam
753 1327 829 1386 edita
860 1345 933 1386 curu
962 1327 993 1388 0.
1019 1328 1123 1389 Oteaii.

108 1411 228 1473 Accedit
244 1413 413 1474 Sorobiantt
430 1417 523 1474 versio
541 1409 671 1474 Italica?
699 1414 791 1475 codex
805 1416 1020 1476 Riocardianus
1034 1417 1123 1476 hodie

108 1504 243 1562 n.1179
273 1504 449 1562 chartaceus
477 1503 626 1564 t1—28
655 1504 812 1582 Pelagonii
838 1504 976 1562 libellum
1003 1506 1124 1564 exhibet

110 1609 179 1650 cum
193 1591 250 1650 hac
264 1590 377 1670 Angeli
390 1591 536 1652 Politiani
550 1593 770 1668 subscriptione
788 1592 808 1651 f.
825 1584 889 1651 28':
908 1592 998 1650 Hwne
1016 1593 1124 1652 librum

108 1682 144 1740 de
155 1682 248 1761 codiee
257 1699 416 1754 coaequam
430 1685 538 1740 uetusto
552 1681 684 1755 Ampelos
696 1681 862 1740 Politiaaas
875 1681 1009 1740 Mediocre
1022 1684 1124 1743 demus

108 1769 247 1828 etumruo
270 1773 297 1828 et
318 1771 445 1829 laurenti
467 1771 555 1828 eliens
574 1771 688 1828 curavit
706 1770 929 1829 ecseribendum.
966 1771 1045 1830 Dein
1062 1775 1125 1846 ipse

107 1875 174 1917 cum
197 1858 356 1931 excepturi
378 1859 510 1917 eontulit:
534 1863 560 1917 et
582 1861 660 1917 certo
676 1860 735 1930 fide
753 1860 921 1919 emendavit.
957 1861 1009 1920 Ito
1027 1865 1124 1920 tamea

107 1950 141 2005 ut
164 1947 201 2005 ab
223 1948 273 2006 illo
295 1951 422 2006 mutaret
443 1948 533 2026 nibil,
559 1949 611 2007 sed
637 1952 665 2006 et
690 1965 764 2020 quae
791 1950 952 2022 depravato
974 1952 1123 2017 inveniret,

107 2036 281 2108 relinqueret
302 2038 427 2104 intuetu,
449 2053 644 2109 aequoreum
663 2055 754 2096 ausus
772 2042 814 2096 est
835 2055 966 2111 amquam
983 2040 1124 2098 iudicium

107 2126 297 2198 interponere.
335 2124 419 2198 Quod
445 2127 472 2184 si
492 2127 610 2197 priores
632 2127 795 2185 institutam
822 2131 999 2186 servassent:
1025 2130 1124 2187 micus

106 2214 197 2272 multo
219 2214 370 2272 mendosos
393 2214 507 2284 codices
523 2214 701 2274 haberemus.
738 2214 795 2288 Qut
822 2216 892 2289 lepte
920 2217 987 2274 boue·
1009 2217 1124 2276 consule

107 2307 134 2360 et
147 2303 219 2361 vale.
242 2300 441 2376 Formiae)
456 2319 534 2361 uano
543 2301 812 2362 MOOCOLXXX
816 2303 844 2362 V
853 2304 1006 2362 Decembri
1019 2322 1123 2365 meuse.

107 2390 143 2449 de
164 2390 328 2467 archetypo
348 2393 452 2450 autem
469 2392 550 2450 unde
570 2391 797 2450 exscribendum
817 2392 936 2451 curavit
953 2391 1123 2453 Politianus

107 2479 185 2538 nihil
203 2483 362 2555 praeterea
381 2479 505 2539 scimus:
524 2481 650 2556 periisse
668 2480 824 2556 putandus
843 2482 890 2538 est
903 2481 939 2537 ut
952 2479 1124 2540 Marcianus

107 2566 234 2627 Catonis
257 2571 289 2627 et
312 2567 456 2628 Varronis
479 2568 627 2628 librorum
655 2569 691 2627 de
718 2587 752 2626 re
778 2567 894 2626 rustica
922 2567 1015 2624 codex
1047 2570 1123 2628 anti·

108 2656 285 2732 quissimus,
310 2676 400 2733 quem
422 2675 492 2716 oum
513 2657 650 2734 principe
674 2655 804 2716 editione
828 2654 1008 2731 scriptorum
1031 2657 1068 2717 de
1090 2678 1123 2718 re

107 2745 224 2804 rustica
241 2745 321 2804 idern
335 2747 382 2806 vir
401 2745 593 2806 doctissimus
612 2745 784 2804 Florentiae
804 2746 931 2804 a.1482
953 2747 1083 2806 contulit
1090 2739 1123 2829 ¹).

107 2833 265 2912 Pelagonii
283 2834 416 2893 codicem
438 2853 498 2894 non
522 2834 758 2894 contemnendae
779 2834 939 2895 vetustatis
957 2835 1051 2895 fuisse
1070 2836 1123 2896 ho·

107 2922 216 2999 dieque
235 2940 271 2981 ex
289 2923 487 2983 Riccardiano
501 2924 632 3000 perspici
649 2926 759 3000 potest.
787 2942 858 2982 nam
871 2925 908 2982 ut
921 2923 983 2981 alia
996 2925 1123 3002 taceam,

106 3011 260 3086 particula
283 3012 393 3088 capitis
410 3012 455 3072 IV
478 3005 563 3093 (edit.
583 3012 751 3072 Sarchianii
774 3033 802 3088 p.
824 3015 865 3072 25
881 3007 956 3088 seq.)
986 3031 1004 3070 a
1028 3013 1125 3072 scriba

108 3099 219 3158 omissa
241 3100 273 3158 in
296 3102 433 3176 margine
455 3101 574 3160 adiecta
596 3102 711 3179 legitur
734 3101 878 3161 Politiani
900 3119 993 3159 manu
1011 3102 1125 3178 scripta

180 3287 207 3357 1)
225 3285 361 3342 Politiani
380 3287 523 3357 exemplar
541 3305 615 3343 nunc
633 3287 663 3341 in
681 3285 795 3356 publiea
808 3285 982 3342 bibliotheca
995 3288 1123 3344 Parisino

107 3361 245 3414 servatur.
283 3358 318 3412 de
342 3357 402 3412 eins
426 3363 491 3428 poet
513 3357 649 3415 Varronis
673 3356 760 3413 libros
785 3356 989 3427 subscriptione
1012 3359 1123 3414 Riccar-

108 3429 210 3483 dianae
228 3429 313 3498 plane
332 3428 418 3484 simili
436 3429 501 3484 vide
519 3429 636 3486 Hemiei
654 3428 740 3484 Keilii
758 3430 788 3484 in
807 3429 921 3485 Catonis
941 3432 970 3484 et
987 3429 1122 3485 Varronis

108 3499 262 3555 editionem
281 3499 370 3569 praef.
384 3500 405 3556 Ι.
423 3519 451 3570 p.
466 3500 500 3557 V.

161 3599 223 3650 Ima,
235 3599 382 3649 Pelagonins.
948 3593 961 3638 1
