2554 3900
546 136 763 200 „30-

266 298 296 356 V
319 297 416 358 Curae
446 300 485 358 61
512 302 604 375 eaput
631 299 679 360 vel
707 299 746 358 ad
774 299 882 376 oapiffis
909 299 1044 360 dolorem
1071 302 1166 360 etad

317 388 485 466 glandulas.

249 475 294 535 VI
316 476 460 537 Remedia
482 478 521 537 ad
543 479 641 536 tusses
665 495 766 537 omnes
789 477 837 538 vol
861 477 900 537 ad
921 478 1032 537 vulsos

233 565 294 625 VII
317 565 413 626 Curae
437 566 476 626 ad
499 567 664 642 strophum.

218 655 294 714 VIII
318 653 414 715 Curae
438 656 477 715 ad
499 655 651 732 dysurian.
1194 669 1205 707 5

202 743 294 804 VIIII
315 744 361 804 De
384 745 466 804 laeso
490 744 577 805 dorso
601 743 689 804 etde
712 743 775 819 pilo
798 741 894 802 totius
917 743 1057 819 eorporis.

266 833 295 891 X
316 833 365 892 Ad
384 852 433 894 eos
453 833 563 909 quibus
582 833 716 892 membra
734 831 878 892 deficiunt
896 834 927 891 et
945 832 984 891 ad
1001 831 1164 892 bulimum.

249 921 293 980 XI
316 920 413 981 Curae
437 922 475 981 ad
497 922 625 982 flemina.

234 1010 293 1070 XII
316 1008 412 1070 (lurae
436 1011 475 1072 ad
498 1011 669 1087 suspirium.

218 1099 293 1159 XIII
316 1098 413 1159 (lurae
437 1100 476 1159 ad
497 1099 663 1176 hydropem
681 1100 728 1160 vel
752 1099 791 1159 ad
810 1100 943 1176 splenem
966 1101 997 1160 ot
1021 1100 1060 1159 ad
1082 1103 1206 1177 tyn-10

315 1189 492 1266 panitionm.

203 1277 295 1337 XIIII
316 1277 394 1338 Itom
413 1278 448 1337 (16
467 1277 577 1337 lumbis
592 1278 641 1338 vel
659 1278 694 1337 de
712 1278 843 1357 renibus,
861 1277 941 1338 coxis
961 1280 1016 1337 aut
1033 1277 1162 1356 gambis

237 1366 294 1426 XV
315 1365 394 1426 Item
417 1367 452 1426 (16
477 1366 613 1426 articulis
636 1367 685 1428 vel
708 1367 743 1427 (16
766 1366 893 1444 pedibus
916 1367 966 1430 vel
988 1367 1073 1427 collo.

221 1455 294 1516 XVI
317 1454 413 1516 Curae
438 1455 477 1516 ad
500 1474 633 1516 ozaenas.

202 1545 291 1604 XVII
313 1544 362 1604 Ad
385 1545 599 1622 opisthotonos
1179 1561 1204 1600 15

189 1635 292 1694 XVIII
313 1635 359 1694 De
383 1634 531 1697 dontibus,

172 1723 291 1782 XVIIII
314 1724 525 1785 Praeoantatio
550 1724 589 1784 ad
612 1740 705 1801 equos
727 1721 890 1783 hordiatoa

239 1811 296 1869 XX
317 1811 362 1870 De
386 1813 480 1872 muris
500 1813 603 1872 aranei
621 1831 724 1874 morsu
742 1811 791 1872 vel
810 1811 846 1871 (16
865 1830 1010 1887 percussu
1032 1812 1159 1888 phalan-

315 1899 414 1976 gionis
436 1902 486 1961 vel
508 1901 636 1977 viperae.

221 1986 292 2046 XXI
316 1985 412 2046 Curae
440 1990 471 2046 et
498 1989 636 2064 potIones
669 1989 708 2047 ad
739 1989 848 2049 solitos
879 1989 929 2049 vel
961 1989 1000 2047 ad
1023 2007 1073 2048 eos
1107 1990 1161 2065 qui
1178 2006 1204 2044 eo

313 2076 402 2135 faeno
425 2077 505 2136 malo
529 2076 699 2135 laeduntur.

207 2163 294 2223 XXII
315 2164 361 2224 De
385 2165 498 2224 caudae
521 2164 698 2224 mobilitate.

192 2253 294 2312 XXIII
316 2252 515 2313 Medicamina
540 2253 578 2313 ad
599 2253 699 2314 robur.

173 2340 292 2401 XXIIII
313 2342 363 2400 Ad
385 2360 435 2402 eos
463 2342 517 2418 qui
544 2342 722 2421 sanguinem
749 2343 864 2403 moiant
892 2348 946 2403 aut
974 2347 1082 2405 oaoant
1106 2348 1163 2404 aut

312 2451 367 2508 per
388 2449 475 2491 nares
502 2432 631 2492 mlttunt
658 2434 713 2491 aut
743 2435 871 2492 vomunt
898 2436 953 2492 aut
981 2434 1007 2492 si
1034 2435 1160 2512 sanguis
1175 2449 1202 2488 66
1268 2481 1269 2504 p

311 2521 424 2581 nimius
446 2541 631 2598 perronam
653 2539 826 2598 percussam
848 2522 961 2582 exierit.
1268 2557 1269 2618 1

207 2610 291 2670 XXV
312 2611 358 2670 Do
381 2611 556 2671 vulneribus
579 2612 628 2673 vel
652 2611 687 2670 (16
711 2610 888 2686 emplastris.

191 2699 292 2756 XXVI
312 2699 358 2758 De
382 2698 488 2758 scabie.

178 2786 293 2844 XXVII
314 2786 360 2845 De
383 2787 528 2864 lethargo.
1268 2833 1269 2836 ,

161 2873 291 2932 XXVIII
313 2873 455 2933 Poti0nes
479 2892 580 2933 omnes
604 2876 635 2933 et
658 2875 739 2933 omni
761 2877 895 2952 tempore
919 2877 1112 2937 necessariae.
1174 2896 1201 2936 ao
1268 2887 1269 2918 i

143 2961 289 3022 XXVIIII
311 2961 357 3020 De
380 2961 463 3020 rabIe
486 2962 535 3020 vel
553 2962 589 3020 (16
609 2979 699 3020 eursu
717 2963 807 3022 lunae
826 2965 875 3025 vol
894 2967 930 3026 (16
948 2966 1067 3026 insania
1086 2967 1159 3043 eqni

313 3050 362 3111 vel
385 3050 421 3109 (16
444 3049 620 3125 paralytico.

206 3139 289 3198 XXX
313 3137 409 3199 Curae
433 3138 589 3198 oculorum
612 3157 721 3201 omnes.

215 3289 390 3360 2glandolaa
404 3290 572 3361 1461661666
587 3293 597 3363 1
612 3291 695 3347 61660
709 3293 718 3361 1
735 3298 767 3347 10
777 3292 1002 3364 tympanetioum
1014 3295 1024 3365 1
1040 3300 1158 3350 116666-

142 3360 212 3430 6161
228 3368 261 3415 14
281 3359 399 3433 6616661
415 3367 447 3418 lo
467 3361 658 3431 opisthotonis
671 3367 681 3432 1
696 3369 729 3418 18
748 3363 918 3435 falnngionis
936 3367 969 3420 ut
987 3365 1159 3436 1116616666

144 3435 196 3488 ant
209 3439 242 3489 at
255 3434 346 3504 infra)
359 3437 369 3502 1
384 3440 514 3490 1066666
530 3435 565 3489 ad
579 3434 709 3506 potiones
724 3436 754 3490 et
768 3435 871 3492 colicos
885 3438 941 3506 111
957 3437 1022 3492 feno
1038 3439 1043 3507 1
1059 3437 1158 3493 ledun-

144 3504 263 3574 166131
283 3503 393 3580 insanis
411 3504 460 3575 qui
