2554 3900
565 131 783 197 -43..

153 294 327 356 'sanitatem
353 294 458 356 eedem
484 296 611 358 vulnera
636 294 839 374 pervenerint,
863 296 898 356 de
925 297 1015 356 molis
1042 300 1183 377 grfflstis
1260 319 1261 338 ι

164 384 250 446 sioois
272 385 428 462 pulverem
449 384 542 446 ferito
565 388 596 444 et
618 384 762 464 spurgito.
790 385 918 446 sanabis,

120 473 159 530 58
236 473 269 533 si
291 476 384 552 eaput
407 492 426 533 a
447 474 568 551 pletura
591 476 646 534 eut
669 493 687 533 a
709 473 951 550 perfrictionibus
978 475 1106 551 plenum
1129 478 1184 537 he·

167 563 277 642 buerit,
299 562 423 642 sanguis
446 565 501 623 eut
523 562 559 622 de
582 562 768 639 temporibus
791 567 847 623 eut
868 563 904 622 de
924 582 974 622 ore
995 565 1184 626 emittendus

164 655 211 713 est
237 655 269 713 et
295 653 393 713 oretue
425 651 501 712 dues
532 654 634 729 partes
665 653 697 712 et
718 671 811 713 unam
842 653 961 728 purtem
987 654 1078 714 oslois
1106 654 1182 716 vino
1209 669 1220 710 ι

165 744 285 801 austero
308 740 490 818 temperabis
514 744 544 801 et
567 740 698 800 calidum
721 741 815 818 ospiti
837 741 980 817 impones,

116 829 155 885 59
231 831 277 889 De
299 828 455 890 umoribus
477 829 605 909 nerium,
630 829 683 905 qui
702 848 720 889 a
744 849 804 907 quo
823 831 888 890 looo
908 833 1016 890 exeant
1033 834 1071 890 ut
1086 830 1184 894 facile

164 919 385 997 intellegamus.
406 937 529 980 muoous
542 918 686 995 limpidus
700 918 869 979 cotidianus
883 922 930 978 est
943 938 997 979 neo
1005 922 1037 979 te
1050 922 1184 1000 terrest3

163 1025 282 1067 orsssus
304 1007 449 1068 candidus
472 1026 491 1067 o
513 1007 646 1086 oerebr03
668 1006 780 1067 rubeus
802 1007 907 1067 tenuis
924 1007 1054 1086 frigidus
1073 1028 1092 1069 e
1110 1030 1184 1086 per-

164 1096 353 1156 frictionibus
375 1096 541 1174 veteribus3
564 1097 720 1157 coeruleus
741 1096 816 1156 levis
839 1097 877 1156 ob
895 1096 1096 1177 interioribus,
1123 1100 1183 1176 qui
1197 1116 1220 1155 ro

163 1185 261 1247 febres
279 1185 405 1262 indioet;
428 1203 546 1247 oressus
565 1203 724 1262 spumosus
742 1205 761 1245 a
778 1185 982 1264 pulmonibus,
1006 1187 1060 1263 qui
1078 1189 1183 1266 suspi-

164 1275 259 1336 riosos
282 1275 426 1353 ostendit3
453 1274 608 1335 faeoeoeus
636 1275 750 1352 spissus
773 1293 792 1334 e
814 1274 975 1353 glandulis.
1011 1276 1086 1336 heeo
1104 1281 1184 1338 sunt

165 1383 243 1441 quse
266 1363 395 1425 maxime
418 1363 575 1424 observare
598 1363 740 1424 debemus
763 1366 795 1423 et
815 1363 976 1423 memoriae
999 1365 1127 1425 tradere.

119 1451 159 1507 60
233 1453 340 1530 Equus
368 1452 395 1512 si
416 1451 571 1513 cerebrum
601 1470 777 1530 percussum
806 1452 959 1530 hebuerit,
990 1453 1061 1513 hino
1087 1453 1183 1515 intel·

163 1543 262 1622 legere
289 1542 415 1620 poteris:
445 1559 579 1620 spasmos
607 1544 730 1618 repente
756 1540 904 1620 patietur,
931 1543 1046 1620 horret,
1078 1543 1220 1623 timetis

162 1631 271 1710 eibum,
284 1631 431 1692 hordeum
443 1633 571 1711 recusat,
590 1633 674 1692 totus
692 1630 725 1690 in
742 1629 873 1706 priorem
885 1633 1003 1706 portem
1020 1649 1053 1691 se
1070 1632 1181 1694 tendit.

161 1719 359 1779 utilissimum
376 1723 423 1781 est
441 1721 619 1800 sanguinem
642 1720 678 1780 de
696 1718 882 1796 temporibus
900 1719 1019 1779 mittere
1038 1723 1070 1780 et
1088 1738 1182 1797 spon·

162 1806 246 1884 giem
272 1807 380 1866 Afrum
410 1812 595 1871 moderatam
627 1809 731 1886 eequis
762 1807 901 1885 partibus
934 1826 1004 1868 ross
1031 1811 1062 1868 et
1090 1814 1180 1873 noeto

163 1894 257 1969 ospiti
283 1895 435 1970 imponere
462 1900 494 1956 et
520 1897 601 1958 eibos
633 1897 744 1958 virides
771 1897 921 1974 praebere.
959 1897 985 1957 si
1011 1917 1067 1958 neo
1094 1897 1181 1961 cibos

162 1981 272 2043 virides
296 1983 465 2061 appetierit,
488 1984 592 2045 fabum
613 1985 751 2046 molitam
778 2004 847 2047 oum
874 1986 973 2046 farina
1000 1987 1122 2048 triticeo
1145 1992 1217 2048 stso

163 2089 244 2147 sque
265 2072 366 2131 mulso
387 2092 441 2149 per
463 2091 557 2132 oomu
574 2073 606 2132 in
624 2074 727 2134 feuoes
748 2074 909 2153 infundite,
928 2075 1075 2153 quamdiu
1094 2076 1179 2139 cibos

162 2159 272 2220 virides
295 2162 428 2238 appetet,
452 2179 528 2237 quos
551 2181 632 2239 oque
655 2163 734 2223 sulse
757 2164 929 2224 munerabis.

117 2244 154 2300 61
232 2248 266 2308 Si
284 2267 380 2326 equus
399 2251 560 2328 glandulas
577 2251 726 2331 hebuerit,
748 2252 879 2312 ferinum
896 2252 1088 2314 hordeeoiem
1107 2273 1179 2315 oum

164 2357 246 2416 equs
266 2340 366 2399 mulso
388 2342 421 2400 et
441 2340 541 2400 resina
562 2343 594 2401 et
616 2341 749 2420 axungia
766 2341 896 2402 oelidsm
913 2342 1058 2421 impones,
1082 2342 1177 2405 donee

163 2428 244 2490 forus
267 2431 438 2507 erumpent3
460 2432 493 2490 et
514 2430 541 2490 si
558 2430 685 2491 vulnera
703 2430 825 2508 fuerint,
843 2431 1025 2491 trsumstioo
1043 2433 1174 2512 cumbis,
1188 2448 1213 2488 ss

163 2521 194 2578 et
215 2517 242 2578 si
264 2518 416 2596 parotides
438 2520 560 2600 fuemnt,
584 2519 723 2580 similiter
744 2518 872 2580 ourebis.
1263 2531 1264 2542 ¹

115 2600 153 2656 ⁶2
228 2607 277 2667 Ad
299 2609 408 2686 ospitis
429 2611 547 2687 pondus
570 2611 602 2668 et
624 2610 650 2668 si
672 2628 727 2686 per
747 2626 834 2670 neres
857 2608 931 2668 setis
949 2608 1054 2687 mittit,
1077 2610 1178 2686 potio·

161 2695 247 2755 nubis
269 2697 326 2756 buo
348 2697 484 2774 potiones
507 2698 621 2774 sinapis
644 2697 838 2758 ooetsbulum
862 2716 933 2758 oum
953 2698 1052 2757 mellis
1077 2703 1177 2760 noetu-

159 2783 233 2842 bulo
254 2782 416 2860 diligenter
436 2787 514 2845 teres
542 2787 573 2844 et
595 2803 665 2844 oum
686 2786 750 2845 vini
772 2785 893 2846 hemina
915 2786 1088 2864 potionabis
1113 2789 1175 2848 die-

162 2870 220 2928 bus
242 2888 358 2930 novem
390 2873 555 2932 salutarem
577 2873 690 2934 dieunt
1188 2891 1213 2931 so

115 2952 155 3008 bt
231 2957 265 3016 Si
287 2958 337 3016 oui
359 2978 437 3034 equo
460 2960 492 3019 in
514 2961 638 3021 neribus
661 2964 807 3042 cartilago
825 2964 920 3024 fuerit
939 2966 1033 3042 rupte
1055 2969 1089 3025 et
1106 2985 1176 3026 sun·

161 3045 230 3123 guis
256 3046 368 3105 nimius
395 3048 528 3125 eruperit
554 3052 587 3110 et
613 3050 757 3112 abstineri
783 3072 844 3112 non
873 3056 985 3132 potest,
1013 3056 1176 3134 spongiam

231 3216 476 3285 epsrfiotionibue
498 3220 579 3289 (sorr.
604 3220 823 3294 sentiamus
846 3223 999 3306 ιρῃταρίου
1021 3220 1094 3304 μέρη
1118 3225 1172 3280 δύο

160 3283 210 3340 ui
226 3285 349 3350 ἀκαιίας
370 3291 493 3355 παλαιᾶς
515 3291 599 3364 ΗΡΙ
620 3299 637 3348 6
665 3296 810 3418 susteredl
831 3297 967 3348 eslndum
989 3295 996 3363 Ι
1019 3309 1141 3364 inpones
1162 3297 1174 3440 n

160 3363 177 3412 7
195 3357 246 3426 qni
264 3357 294 3430 ιι]
312 3357 380 3427 quia
393 3363 399 3427 Ι
414 3362 458 3432 ut]
478 3364 530 3444 et!
547 3368 564 3417 9
587 3381 700 3434 gressus
718 3366 724 3434 Ι
743 3382 779 3434 pe
806 3364 963 3448 ootionibns
980 3367 991 3433 Ι
1010 3371 1043 3419 10
1065 3364 1141 3420 lenis

161 3433 194 3482 12
212 3428 341 3484 temnens
356 3432 361 3500 Ι
376 3433 521 3502 ςιιιιιὼιΙιι
534 3436 545 3502 Ι
560 3439 593 3487 18
611 3435 694 3506 rose]
710 3437 827 3504 form
852 3453 962 3491 mesore
984 3434 1066 3506 (de
1088 3436 1174 3504 deone

160 3499 208 3554 καὶ
226 3495 341 3570 deditos
362 3503 409 3572 M)
422 3504 433 3570 Ι
448 3508 480 3558 ts
498 3505 615 3572 prebere
628 3509 639 3574 Ι
651 3510 687 3560 22
705 3505 778 3560 falsu
794 3507 856 3576 (sio)
869 3510 929 3576 124
947 3506 1084 3562 esliidsm
