2554 3900
170 976 477 1051 PELAGONIVS
504 975 712 1050 luzrolo
741 976 828 1051 SVO
858 977 1085 1052 SALVTEM

190 1187 310 1270 (Cum)
324 1192 566 1270 frequentissime
584 1196 615 1252 te
633 1211 727 1269 equos
745 1192 879 1270 laudere,
899 1211 999 1251 emere
1020 1211 1136 1270 semper

120 1283 313 1343 vehementer
335 1280 499 1342 admirarer
521 1313 563 1324 -
587 1301 641 1342 nee
663 1282 803 1342 inmerito
821 1301 886 1340 rem
908 1283 973 1340 tem
995 1281 1135 1361 nobilem,

120 1391 186 1431 rem
217 1371 356 1431 omnibus
388 1371 508 1449 gratem
535 1390 635 1430 emere
662 1390 723 1431 non
750 1370 874 1448 desinis,
907 1368 1056 1445 siquidem
1084 1370 1136 1430 Sol

88 1461 186 1537 eipso
210 1459 348 1520 dominus
368 1459 456 1538 orbis,
480 1459 569 1520 deoue
587 1460 700 1538 mundi,
720 1460 783 1520 solo
803 1477 952 1534 equorum
969 1457 1136 1518 ministerio

122 1551 282 1610 eontentus
305 1548 414 1609 cotidie
433 1547 518 1609 nobis
537 1551 592 1608 eut
610 1568 682 1609 eum
696 1548 771 1624 ipsis
789 1549 846 1606 eut
867 1566 922 1623 per
938 1547 1019 1624 ipsos
1037 1547 1137 1606 reddit

122 1637 289 1714 optabilem
315 1638 414 1696 lucem
444 1671 481 1679 -
507 1637 642 1696 imitarer
669 1636 792 1712 quidem
818 1638 848 1694 te
877 1637 908 1694 et
935 1635 1012 1714 ipse,
1041 1638 1078 1694 ut
1100 1636 1136 1695 de

121 1725 259 1803 ipsorum
280 1727 421 1786 leudibus
445 1726 562 1802 aliquid
585 1725 756 1802 scriberem,
784 1724 811 1783 si
838 1722 930 1802 digne
957 1725 1135 1801 proferrem:

121 1834 203 1876 nuno
225 1834 390 1892 pauperem
411 1814 550 1893 linguam
571 1814 675 1872 nullus
703 1815 758 1872 ent
785 1813 920 1873 modious
949 1832 1044 1874 sermo
1067 1834 1136 1891 pro·

76 1925 109 1964 ιο
123 1905 213 1981 tolet,
242 1903 309 1979 qui¹
324 1906 427 1962 temen
454 1906 528 1961 tuno
554 1902 749 1977 proferendus
783 1904 841 1981 est,
870 1922 939 1962 oum
966 1921 1053 1963 eures
1082 1905 1137 1962 aut

122 1992 287 2052 medicinas
314 1992 450 2068 ipsorum
476 1991 562 2067 loqui
595 2010 726 2068 coepero.
773 1995 810 2050 tu
838 1992 932 2052 leuda
961 1992 1014 2068 qui
1040 1994 1135 2070 potes,

123 2085 160 2140 tu
183 2081 293 2160 dignus
317 2099 450 2140 sermone
473 2099 668 2159 prosequere,
691 2081 766 2141 mihi
789 2081 902 2140 suffieit
926 2099 1031 2140 seuere
1056 2080 1137 2157 quod

123 2189 192 2230 emo
229 2171 448 2245 contentusque
487 2187 555 2228 sum
592 2190 639 2229 me
677 2190 713 2230 ex
748 2173 804 2230 tus
845 2170 984 2230 oleritete
1023 2168 1135 2228 florere.

122 2258 181 2318 tibi
203 2259 284 2318 enim
315 2257 473 2335 quaeritur
505 2257 649 2334 quioquid
675 2259 707 2317 in
734 2258 820 2319 nobis
848 2261 902 2337 est,
929 2258 1016 2318 nobis
1043 2256 1138 2317 enitet

78 2365 109 2406 15
123 2347 271 2424 quioquid
292 2347 325 2405 in
347 2349 377 2405 te
401 2348 454 2405 est.
501 2364 588 2406 ouras
611 2347 707 2425 igitur
729 2350 760 2406 et
777 2347 949 2424 medicinas,
969 2346 1078 2422 quibus
1101 2349 1138 2404 ut

123 2453 233 2494 senum
260 2437 291 2494 et
316 2437 459 2513 vegetum
486 2454 594 2511 eorpus
623 2436 657 2495 in
683 2435 877 2512 onimelibuS,
905 2435 1083 2509 praesertim
1105 2434 1137 2492 in

123 2524 211 2600 equis
237 2526 419 2602 perseveret,
451 2524 508 2584 iste
535 2524 613 2582 liber
643 2525 798 2599 loquetur:
827 2541 918 2597 quem
944 2523 981 2580 ut
1008 2520 1137 2579 libenter

124 2613 280 2692 suseipies,
303 2612 446 2672 libentius
468 2614 553 2690 leges
577 2612 725 2688 deprecor.
757 2611 833 2671 vele.

276 2772 316 2830 In
342 2773 408 2832 hoo
434 2772 528 2832 libro
555 2771 642 2830 heeo
669 2772 754 2830 sunt
781 2769 983 2831 medieinee

81 2897 112 2938 so
167 2878 192 2937 ·Ι
215 2877 311 2940 Onree
335 2879 374 2938 sd
395 2878 534 2940 morbum
558 2897 683 2938 omnem.

160 2967 191 3026 H
213 2967 357 3027 Remedio
379 2967 419 3026 ad
440 2967 575 3027 maciem.

145 3055 193 3114 ΙΠ
216 3054 313 3115 (lurae
337 3057 376 3115 ed
398 3056 518 3115 febrem.

131 3145 194 3204 1111
217 3143 314 3204 Orrrue
337 3145 376 3204 ed
399 3163 506 3204 muros,

125 3274 340 3283 -.-—-—-

90 3345 92 3352 '
199 3356 213 3404 1
232 3349 379 3406 Auzlelo
403 3352 412 3419 ΙΙ
435 3355 451 3404 2
471 3366 535 3404 oum
553 3351 617 3406 add.
636 3349 785 3404 Buecheler
804 3349 881 3404 Mus.
899 3348 988 3405 Rben.
1011 3351 1113 3416 45‚333
1130 3347 1140 3420 Η

124 3422 303 3548 1⁷3&ngAE
322 3428 354 3476 12
373 3427 494 3492 expecto
511 3420 596 3492 digno
610 3422 620 3491 ΙΙ
635 3426 668 3475 14
691 3419 771 3475 nobit
790 3421 879 3476 enitet
892 3421 902 3488 ΙΙ
917 3425 949 3474 18
968 3418 1138 3474 EXPLICIT
