2554 3900
557 154 773 218 ,66-

11 315 13 352 ³
87 323 145 379 100
226 320 304 378 Item
327 318 365 378 ad
388 319 508 377 olavum
531 317 567 376 de
594 317 742 378 mercurio
769 319 817 378 vel
844 318 880 377 de
909 318 1005 378 dorso.
1042 320 1176 380 farinam

12 423 13 430 ’
158 408 350 470 hordeaciam
377 425 445 466 cum
472 405 554 466 foliis
582 406 779 467 coliculorum
814 407 974 466 contundis
1006 408 1099 468 simul
1126 412 1176 470 vel

158 499 231 560 teris
255 501 285 557 et
307 496 444 573 imponis.

87 591 145 648 170
224 588 302 648 Item
321 586 359 645 ad
377 584 547 644 cicatricem
564 583 613 643 vel
629 585 667 642 ut
684 584 781 659 pilum
799 585 903 644 ducat:
926 585 1023 664 fuligo
1043 606 1079 644 ex
1098 605 1176 648 aeno

156 677 307 737 initiatur.
1201 691 1213 730 s

86 768 143 825 171
225 766 303 824 Item
326 763 352 822 si
380 763 502 822 dorsum
528 763 645 821 motum
672 761 742 838 erIt,
769 763 924 837 polentam
951 764 1016 822 oleo
1044 767 1076 822 11
1102 764 1176 824 vino

158 852 348 931 conspergito
368 855 399 911 11
413 851 561 929 obligat03
580 852 611 910 et
626 850 651 909 si
664 850 768 926 pulmo
787 851 886 911 factus
904 853 971 930 erit,
990 852 1177 913 decussatim

158 944 257 1003 secato
289 943 463 1017 stercusque
495 939 640 1016 equinum
672 958 741 998 oum
773 940 838 1000 olco
871 943 902 1000 11
934 943 1018 1001 aceto
1052 944 1084 1000 et
1111 943 1176 1002 sale

158 1031 235 1091 frixo
259 1029 385 1090 crudum
407 1029 562 1105 imponito.
601 1029 721 1088 curasti.

87 1121 144 1179 171
227 1118 259 1180 si
278 1137 355 1196 equo
381 1119 468 1195 spina
495 1117 638 1195 doluerit,
667 1118 845 1196 sanguinem
872 1118 907 1177 de
934 1119 1099 1178 femoribus
1122 1120 1175 1178 de·
1190 1137 1213 1174 ro

157 1211 244 1270 trahe
272 1211 303 1269 et
329 1207 522 1268 unctionibus
555 1207 659 1267 calidis
686 1210 784 1284 utere3
816 1209 923 1283 postea
948 1207 1055 1266 bacam
1082 1209 1175 1286 lauri,

157 1300 293 1377 sulphur,
317 1298 425 1375 oleum,
448 1296 619 1375 exungiam,
637 1295 760 1374 nitrum,
778 1296 909 1355 cedrium
925 1296 995 1356 vino
1013 1297 1177 1372 permisces

158 1391 189 1449 et
212 1387 254 1449 sic
278 1407 364 1447 omne
388 1405 496 1462 corpus
520 1388 574 1444 aut
601 1385 632 1444 in
660 1385 757 1444 calido
785 1386 851 1444 loco
879 1389 934 1443 aut
960 1385 993 1442 in
1021 1386 1084 1445 sole
1108 1405 1176 1462 per·

157 1477 240 1537 frica.

87 1557 144 1616 171
226 1566 304 1625 Item
326 1565 365 1624 ad
388 1565 504 1624 laesum
527 1564 649 1625 dorsum
670 1563 720 1622 vel
741 1563 819 1639 pilos
837 1562 1015 1642 recItandos,
1039 1561 1175 1640 Apsyrti.
1190 1579 1214 1618 re

158 1655 299 1716 corticem
317 1653 382 1731 pini
401 1653 555 1714 combures
575 1655 605 1712 et
623 1655 701 1711 teres
720 1655 751 1711 11
764 1651 839 1710 facis
852 1652 1007 1728 pulverem
1021 1653 1052 1711 11
1069 1653 1175 1712 uteris

88 1736 146 1791 171
226 1744 304 1801 Item
327 1743 418 1801 aliud.
456 1744 550 1801 testas
569 1744 736 1802 ostreorum
758 1741 831 1800 teris
858 1743 889 1798 et
915 1741 1072 1816 pulverem
1098 1741 1176 1800 facis

159 1832 189 1888 et
212 1829 315 1907 uterie,
340 1833 395 1888 aut
417 1830 557 1889 corticem
581 1831 684 1906 querci
705 1833 768 1888 tere
792 1831 823 1888 et
844 1829 1000 1905 pulverem
1023 1829 1105 1888 facie.

89 1912 145 1969 175
226 1916 303 1976 Item
327 1917 352 1975 si
374 1917 449 1976 velis
473 1917 576 1976 album
602 1918 700 1993 pilum
726 1919 900 1997 nigrescere.
939 1919 1102 1977 atramenti
1125 1937 1175 1977 su·

160 2005 232 2065 torii
260 2004 392 2081 scripula
415 2005 474 2082 HI,
506 2005 733 2081 rhododaphnes
761 2007 825 2066 suci
857 2007 989 2083 scripula
1017 2010 1214 2085 quattuorue

158 2094 220 2154 sevi
244 2093 359 2170 caprini
383 2094 463 2170 quod
492 2091 616 2152 sufficit:
645 2095 745 2154 omnia
772 2096 881 2155 deteris
909 2098 940 2155 et
965 2096 1069 2156 uteris.

86 2176 144 2233 176
225 2183 303 2242 Item
326 2183 351 2241 si
374 2183 459 2241 nulla
481 2184 677 2259 praecedente
700 2203 792 2244 causa
814 2185 870 2260 pili
888 2184 1056 2244 ceciderint.
1091 2186 1176 2262 spica

158 2272 257 2350 nardi,
285 2291 346 2332 uva
373 2289 462 2348 passa
491 2272 581 2331 simul
608 2272 640 2331 in
667 2276 752 2333 aceto
779 2277 871 2334 tunsa
898 2277 929 2334 et
957 2273 1089 2333 cribrata
1117 2275 1175 2334 fer·

157 2363 290 2441 vescant,
315 2364 406 2439 atque
429 2362 474 2421 111
498 2361 629 2422 calidum
652 2362 769 2438 corpori
791 2363 896 2441 glabro
920 2363 1094 2439 imponitur.

87 2442 142 2499 177
224 2451 329 2513 Pulvis
353 2451 392 2510 ad
415 2451 537 2513 dorsum
558 2454 691 2528 ruptum
733 2451 850 2527 lepidae
870 2484 925 2530 -,
949 2452 1103 2530 aeruginis
1126 2484 1175 2528 -,
1188 2459 1210 2502 ²⁵

157 2541 319 2601 atramenti
342 2542 478 2603 sutoricfi
497 2536 597 2620 <->:
617 2540 717 2600 omnia
736 2539 826 2599 simul
844 2541 949 2600 misces
968 2544 999 2600 et
1017 2542 1176 2617 pulverem

157 2630 245 2707 facis,
268 2631 353 2706 prius
376 2633 478 2691 tamen
501 2625 623 2690 dorsum
646 2629 717 2705 oqui
743 2629 814 2689 vino
838 2630 922 2690 lavas
950 2632 981 2688 et
1008 2629 1050 2688 sic
1078 2629 1176 2689 uteris

158 2719 290 2793 pulvere.

86 2805 145 2861 178
225 2805 303 2863 Item
326 2805 352 2862 si
375 2824 453 2881 equo
477 2805 578 2864 album
598 2807 695 2882 pilum
713 2807 810 2866 facere
828 2807 967 2867 volueris
1006 2807 1177 2868 cucumeris

158 2891 289 2950 silvatici
307 2891 438 2952 radicem
468 2914 496 2969 p.
511 2894 575 2972 XI,
598 2895 672 2953 nitri
690 2913 765 2972 scrp.
784 2896 855 2974 XII,
878 2897 977 2956 mellis
999 2896 1077 2956 hem.
1101 2898 1178 2956 haec
1193 2905 1216 2946 8⁰

159 2979 259 3038 omnia
282 2980 372 3040 misce
397 2984 427 3040 et
448 2984 542 3041 utere.

231 3209 247 3256 3
262 3202 374 3272 inponis
390 3205 399 3274 ΙΙ
414 3211 429 3259 6
444 3203 592 3274 pulenlcm
605 3209 615 3278 ΙΙ
629 3213 644 3261 7
660 3206 831 3261 descueatim
868 3213 884 3261 0
898 3205 1027 3276 inponito
1041 3210 1051 3278 ΙΙ
1066 3213 1101 3263 10
1111 3225 1178 3262 san·
1264 3263 1265 3282 ,

160 3272 245 3340 guina
259 3274 269 3341 ΙΙ
285 3280 313 3328 11
333 3275 441 3329 callidis
455 3277 465 3344 ll
481 3283 512 3330 13
533 3277 636 3332 callido
650 3280 660 3346 ΙΙ
676 3283 708 3331 lo
726 3278 815 3332 lesum
832 3276 836 3348 1
853 3276 969 3346 Absyrti
982 3281 992 3348 1
1005 3282 1040 3332 20
1056 3279 1126 3333 ecrit
1135 3277 1179 3332 111
1264 3317 1265 3326 ¹

159 3344 188 3398 R
222 3341 283 3411 poc.
305 3344 335 3396 α’
356 3345 423 3398 ΗΡ
446 3350 450 3411 Ι
475 3346 624 3401 rododafni
647 3352 714 3402 sueti
735 3349 745 3417 ΙΙ
767 3353 802 3402 112
826 3350 995 3416 precedente
1017 3348 1180 3416 111411111-
1264 3343 1265 3410 Ῐ

164 3412 231 3466 dum
247 3415 251 3481 Ι
268 3415 414 3481 Inponitur
426 3417 484 3524 11121
504 3416 627 3486 eruginis
646 3419 656 3486 ΙΙ
679 3423 714 3470 16
734 3417 886 3472 atromenti
905 3417 1092 3488 1111111127
1111 3421 1179 3474 dor·
1264 3455 1265 3464 1

161 3536 221 3573 sum
241 3518 318 3590 equi]
339 3519 423 3572 dorsu
442 3537 462 3586 q
