2554 3900
516 145 730 209 „41-

112 311 217 370 aestus
240 308 333 370 fuerit
357 326 479 388 passus,
509 327 600 386 possa
627 327 696 368 oum
723 308 825 386 puleio
852 327 939 369 nares
966 311 998 369 et
1024 309 1132 370 faeiem

112 397 215 458 foveto
248 400 279 458 ot
310 417 369 458 ova
397 399 457 458 tria
487 417 557 460 oum
585 397 656 458 vino
684 397 824 457 faucibus
854 397 1015 459 infundito.
1061 402 1131 458 ante

113 487 216 548 omnia
234 505 305 547 sane
324 505 413 548 ourae
431 486 488 546 tibi
511 486 559 566 sit,
581 488 619 545 ut
641 486 812 547 stabuletur
829 486 906 547 sioco
924 487 1005 564 looo;
1027 506 1131 549 umore

112 575 196 636 enim
226 575 402 636 madescunt
432 576 579 655 ungulae,
612 576 694 652 quod
724 575 813 636 faoile
842 575 988 656 vitamus,
1021 576 1047 636 si
1077 579 1132 637 ant

83 664 237 724 sstabula
262 664 394 725 roboreis
423 664 529 725 axibus
556 666 710 725 constrata
737 667 792 725 aut
818 664 979 743 diligenter
1006 664 1131 726 subinde

113 753 262 814 mundata
284 753 405 814 luerint.

180 842 260 901 Item
281 842 308 901 si
331 842 427 902 omnis
445 841 604 921 diligentia
623 841 759 902 adhibita
775 841 869 902 fuerit
890 844 921 902 et
939 841 1179 906 cibariam-81

112 931 240 1010 gissima
262 931 456 1008 suppeditent
478 933 510 992 et
531 930 727 991 nihilominus
757 930 939 991 adtenuatus
963 931 1004 992 sit
1026 951 1130 1009 equus.

113 1021 209 1080 etiam
236 1020 293 1080 hou
323 1020 398 1081 seire
427 1023 457 1080 te
487 1019 640 1098 conuenit,
670 1018 751 1096 quod
780 1020 954 1097 frequenter
980 1021 1052 1098 equi
1078 1042 1133 1100 per

67 1127 98 1167 ιο
112 1111 233 1170 nostem
249 1109 349 1169 Fatuo
371 1107 472 1170 fiesrio
494 1111 651 1187 vexantur,
673 1108 754 1168 unde
777 1111 809 1169 et
831 1109 932 1170 doloro
955 1109 1130 1187 turpissimo
1217 1126 1218 1130 ’

13 1223 20 1238 ·
113 1197 222 1258 affiioti
249 1200 280 1258 et
301 1197 475 1274 frequenter
496 1197 659 1275 inquietati
681 1198 892 1258 adtenuantur.
939 1198 989 1258 eui
1012 1217 1132 1259 suoeur·

112 1287 241 1348 rendum
263 1285 319 1346 hoo
341 1286 430 1347 modo
454 1285 609 1347 Cornelius
631 1286 735 1348 Celsus
758 1287 851 1366 iubet,
873 1289 911 1347 ut
933 1305 1001 1347 ossa
1023 1288 1132 1348 canina

113 1375 272 1437 combusta
294 1377 326 1435 et
348 1378 474 1435 contusa
503 1395 573 1436 oum
595 1376 728 1455 axungia
750 1377 844 1437 ueteri
873 1374 1035 1436 oommixta
1057 1376 1131 1436 offas

113 1465 246 1542 impares
268 1481 338 1524 oum
359 1464 430 1525 vino
453 1464 591 1526 faucibus
614 1465 718 1525 mittas
742 1464 846 1524 diebus
870 1465 946 1542 outo,
970 1469 1001 1524 et
1022 1465 1131 1543 locum,

68 1567 99 1610 1⁵
113 1555 147 1614 in
170 1571 231 1630 quo
254 1555 334 1632 sunt,
358 1553 511 1633 sulphure,
534 1554 604 1614 uino
629 1556 660 1614 et
682 1553 861 1614 carbonibus
884 1551 1032 1628 purifioes.
1074 1553 1132 1612 erit

114 1643 250 1704 salutare
271 1641 444 1702 remedium

181 1731 259 1791 Item
290 1730 373 1808 potio
409 1730 653 1807 incomparabilis
685 1728 877 1790 columellae.
932 1729 1043 1790 macies
1076 1734 1180 1793 111111
1247 1735 1250 1738 ’

112 1821 246 1899 languor
274 1820 469 1881 submovetur
498 1819 618 1896 saepius
648 1818 721 1878 dats
749 1817 884 1898 potione,
917 1838 995 1896 quae
1025 1820 1133 1897 reoipit

114 1908 300 1970 semunciam
322 1909 476 1987 sulphuris
497 1927 648 1985 ovumque
671 1908 797 1968 crudum
820 1909 851 1969 et
873 1927 992 1970 murrae
1014 1910 1132 1986 pondus

68 2014 99 2056 su
114 1998 239 2059 denarii.
284 1999 359 2058 haee
381 1997 456 2058 trita
477 1997 548 2058 vino
577 1998 780 2059 admiscentur
807 2001 898 2075 atque
926 1998 971 2058 ita
993 1998 1132 2060 fauoibus

113 2087 325 2237 3333?er
372 2087 424 2147 sed
452 2089 483 2147 et
508 2087 587 2147 tussi
616 2091 647 2147 et
673 2088 769 2149 dolori
796 2087 909 2149 ventris
940 2086 1044 2149 eadem
1073 2087 1133 2146 ista

475 2370 529 2430 HI.
552 2372 606 2432 Ad
627 2371 771 2431 febrem.

343 2493 600 2555 PELAGONIVS
622 2492 800 2555 ARZYGIO
824 2491 900 2552 SVO

69 2637 99 2677 ss
182 2619 394 2680 Febricitantis
413 2619 500 2697 signa
518 2619 591 2678 sunt
608 2619 702 2693 eaput
719 2616 751 2676 in
769 2618 881 2676 terram
899 2615 1062 2675 demissum
1079 2619 1183 2676 necas

114 2710 233 2770 elevare
257 2707 350 2768 altius
368 2707 497 2768 oervioes
515 2706 635 2784 poterit,
659 2705 740 2766 oouli
758 2707 847 2766 emnt
865 2704 1022 2782 eliquanto
1041 2705 1133 2764 tumi-

114 2798 213 2858 diores
236 2799 267 2858 ot
289 2796 375 2856 labra
397 2797 526 2873 laxiors3
549 2798 621 2855 tuno
640 2795 743 2855 erebra
766 2794 904 2875 suspiria,
927 2795 1044 2855 tractus
1066 2794 1132 2856 ilio·

112 2906 184 2946 rum
214 2904 322 2964 graves
354 2887 385 2945 et
415 2885 507 2945 flatus
536 2884 634 2944 oalidi.
680 2885 820 2945 similiter
849 2886 880 2945 et
909 2904 994 2945 omne
1025 2903 1134 2962 eorpus

114 2974 260 3054 calidum,
290 2973 419 3034 testibus
449 2974 542 3035 etiam
571 2973 748 3054 laxioribus,
781 2993 835 3034 neo
864 2993 925 3034 non
954 2993 1043 3035 orura
1071 2977 1133 3034 tar-

189 3167 202 3217 1
223 3177 310 3232 pasca
328 3162 370 3232 (in
387 3177 475 3231 murp.
494 3177 580 3217 mona
598 3161 738 3217 Politiaoi
753 3161 852 3232 possa)
869 3162 879 3231 l
897 3165 914 3214 3
933 3175 1017 3216 sanae
1031 3163 1071 3233 l⁶
1089 3177 1132 3216 ro-

114 3231 209 3288 bureis
233 3235 238 3302 Ι
263 3235 427 3288 constructe
448 3235 458 3301 ΙΙ
481 3230 623 3288 'sinerint
644 3233 654 3302 l
679 3238 710 3287 11
730 3230 888 3302 inquietate
907 3231 918 3302 1
939 3236 973 3286 11
990 3231 1101 3314 inpares
1124 3232 1133 3302 ll

115 3309 149 3360 18
173 3306 365 3360 summovetur
386 3305 396 3374 n
420 3309 453 3358 19
477 3303 622 3358 semuncia
643 3305 708 3371 110
731 3300 830 3358 denari
853 3304 858 3372 Ι
882 3302 964 3375 trita]
988 3307 1046 3358 tna
1062 3302 1090 3356 R
1108 3308 1134 3358 et

109 3391 182 3446 pars
205 3375 282 3432 codd.
304 3374 408 3430 Gelam.
431 3375 441 3444 Ι
463 3379 557 3429 1114
582 3376 691 3430 inverso
713 3375 810 3431 ordiar
831 3375 865 3429 ia
887 3375 945 3430 aad.
969 3374 1098 3443 lemur
1123 3373 1134 3444 Η

112 3444 318 3502 raesulem
341 3448 352 3518 l
374 3451 407 3502 15
427 3445 575 3501 dimissum
597 3447 608 3515 Ι
630 3451 663 3500 17
683 3443 795 3502 illorum
815 3445 910 3515 mauis
928 3447 937 3515 ΙΙ
955 3448 990 3500 18
1009 3442 1106 3499 callidi
1123 3447 1133 3514 l!

113 3524 149 3574 19
169 3517 304 3574 callidum
320 3519 326 3588 Ι
341 3516 507 3588 laxioribus]
525 3515 616 3572 laxior
633 3515 674 3572 ibi
