2554 3900
539 125 754 190 ..44-

143 307 264 349 amarae
291 288 388 367 selib,
415 291 533 349 mentae
566 291 598 349 et
623 290 710 348 rutae
739 289 892 364 quantum
920 285 1047 366 sufficit,
1079 289 1161 346 teres

141 381 173 437 et
192 378 297 438 uteris.

90 468 128 524 41
206 465 240 526 Si
262 484 359 543 equus
380 465 525 545 febrierit,
548 485 584 525 ex
603 465 781 526 necessitate
803 465 984 544 sanguinem
1006 464 1161 543 detrahas,

140 559 171 616 et
198 554 338 633 potionas
371 555 427 615 sic:
455 554 616 634 gentianae
649 553 745 632 solih,
776 553 985 615 aristolochiae
1016 584 1056 596 -
1085 552 1161 632 1111,

138 645 263 722 hyssopi
285 675 322 686 -
342 643 382 723 Π,
406 642 551 704 absinthii
572 676 610 686 -
630 643 675 721 11,
702 642 842 703 abrotoni
862 674 899 685 -
921 643 965 721 H,
988 642 1162 702 caricarum
1186 663 1198 704 s

138 733 231 812 selib,
254 733 318 811 apii
340 732 461 794 seminis
484 732 580 809 selib.;
602 735 690 793 rutae
712 730 892 792 fasciculum
908 731 941 790 in
963 731 1091 792 caccabo
1107 733 1163 792 sad

139 823 229 898 pleno
258 841 327 883 cum
345 841 427 899 aqua
445 821 592 899 decoquas
616 821 655 882 ad
672 820 786 881 tertias
824 838 894 881 cum
915 819 1027 881 videris
1042 819 1162 899 nigres-

139 929 214 988 cere,
237 913 356 972 coctum
379 913 432 972 est.
469 911 539 971 inde
552 910 629 971 hem.
651 929 721 971 cum
735 909 841 969 ceteris
855 908 1068 986 suprascriptis
1085 909 1162 969 mis·

140 1001 206 1060 ceto
227 1001 259 1058 et
273 1018 328 1076 per
350 1019 444 1061 cornu
461 1000 494 1058 in
512 999 615 1060 fauces
632 997 785 1058 infundito
809 999 840 1059 et
861 997 972 1058 hordeo
996 997 1160 1059 abstineto.

91 1087 130 1144 42
206 1088 295 1149 Potio
314 1089 441 1165 simplex
458 1088 497 1148 ad
513 1087 675 1148 febrientes
693 1105 794 1164 equos.
827 1086 909 1147 faeni
925 1086 1032 1147 Graeci
1050 1103 1162 1146 sucum
1175 1109 1199 1149 ιο

139 1177 215 1238 bene
238 1180 358 1238 coctum
380 1197 449 1238 cum
467 1177 530 1254 apii
548 1176 692 1238 fasciculo
716 1179 747 1236 et
764 1177 851 1236 rutae
871 1179 902 1236 et
919 1174 1065 1255 meliloto,
1087 1175 1161 1254 hys·

141 1285 224 1347 sopc,
246 1286 316 1328 cnm
337 1267 426 1327 melle
448 1285 503 1342 per
525 1284 619 1326 cornu
641 1265 733 1325 dabis,

433 1495 503 1556 1111.
529 1494 643 1555 Curae
667 1495 710 1556 ad
733 1514 859 1557 armos,

370 1618 628 1682 PELAGONIVS
649 1618 826 1680 FALERIO
850 1618 926 1680 SVO

91 1743 131 1800 48
208 1744 242 1803 Si
265 1763 363 1805 armos
385 1745 508 1805 laeserit
526 1748 581 1806 aut
599 1743 777 1823 sanguinem
795 1743 955 1822 demiserit,
978 1742 1077 1804 medio
1096 1743 1160 1804 fere
1174 1763 1198 1804 15

139 1831 172 1892 in
194 1834 325 1908 utroque
348 1851 433 1892 cnara
452 1853 545 1893 venae
569 1835 726 1894 solvantur
749 1834 780 1892 et
802 1832 879 1892 turis
901 1833 1015 1909 polline
1034 1851 1105 1892 cum
1122 1853 1159 1894 ec

140 1919 195 1998 qui
221 1918 346 1997 profluit
372 1921 509 1999 sanguis,
536 1921 662 1981 inmixto
690 1922 767 1981 armi
792 1921 941 2001 linantur,
969 1925 1001 1981 et
1026 1941 1065 1982 ne
1088 1923 1160 2000 plus

138 2010 221 2069 iuste
244 2007 444 2087 exanimetur,
472 2011 586 2069 stercus
614 2009 709 2085 ipsius
732 2010 860 2070 iumenti
886 2010 1050 2070 fluentibus
1073 2012 1160 2073 venis
1259 2013 1261 2094 l

139 2097 297 2158 admotum
318 2096 426 2157 fasceis
445 2096 604 2176 obligetur.
644 2101 765 2174 postero
789 2118 909 2176 quoque
930 2098 978 2158 die
997 2119 1033 2159 ex
1051 2098 1160 2160 iisdem

137 2186 213 2247 locis
232 2186 355 2266 sanguis
374 2185 551 2246 detrahatur
569 2188 601 2246 et
618 2187 722 2249 ecdem
738 2188 828 2248 mode
846 2190 969 2248 curetur
985 2188 1159 2266 hordeoque
1172 2207 1197 2247 rc

139 2275 328 2337 abstineatur
350 2274 458 2354 exiguo
480 2275 569 2336 faeno
597 2276 676 2337 dato.
729 2278 761 2336 et
789 2280 859 2352 post
886 2276 1022 2336 triduum
1052 2277 1159 2337 deinde

138 2384 236 2442 usque
263 2365 295 2424 in
323 2365 402 2425 diem
429 2368 547 2426 sextum
572 2366 655 2442 poni
677 2383 768 2425 sucus
794 2365 892 2426 instar
917 2365 1011 2425 trium
1034 2367 1160 2443 cyatho-

137 2475 208 2515 rum
240 2456 353 2516 mixtus
385 2474 455 2516 cum
487 2455 546 2517 clei
573 2455 649 2516 hem.
682 2453 821 2514 lancibus
850 2474 905 2531 per
936 2473 1029 2514 cornu
1056 2455 1159 2514 infun·

140 2546 238 2607 datur,
280 2548 351 2624 post
373 2548 490 2606 sextium
514 2545 593 2605 diem
614 2546 695 2605 lente
718 2542 853 2603 incedere
876 2545 1011 2622 cogatur,
1034 2545 1066 2603 et
1089 2563 1159 2606 cum

140 2636 350 2713 ambulaverit,
373 2635 405 2693 in
428 2635 575 2710 piscinam
592 2633 675 2694 mitti
693 2631 841 2710 convenit,
864 2631 908 2691 ita
927 2634 963 2692 ut
980 2633 1074 2692 natet.
1115 2633 1159 2693 sic
1171 2647 1197 2689 as

140 2723 290 2798 paulatim
303 2721 485 2782 firmioribus
500 2721 573 2781 cibis
588 2721 731 2781 adhibitis
745 2720 784 2780 ad
797 2720 960 2781 sanitatem
972 2721 1158 2798 perducitur.

730 2871 747 2893 u

216 2931 231 2980 1
250 2941 346 2980 amare
360 2928 400 2996 113
419 2923 550 3006 detrahes
567 2925 608 2979 R¹
627 2910 761 2982 detrahda
780 2927 863 2982 Petit.
883 2943 983 2982 macca
996 2929 1036 2997 116
1055 2927 1155 2998 ysopil

144 2995 459 3064 absinthilhabrotom
476 2995 505 3049 R
531 2998 594 3062 (om.
614 2996 653 3065 H,
680 2997 761 3055 habet
787 2997 954 3066 Ρ)1σύκων
972 3007 1006 3068 pb
1025 2996 1054 3070 β’
1074 2997 1159 3071 ΗΡΗ

140 3072 265 3124 acorna
293 3071 348 3139 pil
370 3066 438 3149 api]
457 3067 577 3150 yscpc'ss
601 3072 642 3148 lt,
663 3072 697 3122 14
714 3071 821 3151 invaso
839 3071 935 3124 ordine
957 3070 990 3124 in
1012 3069 1103 3152 podica
1121 3069 1158 3125 le

141 3140 280 3279 alal
296 3137 626 3292 ttlllllltll‘jll
637 3139 1057 3280 lllsllttlt‘rsrr
1068 3139 1160 3282 citi

143 3280 210 3352 que]
230 3296 283 3350 que
304 3283 309 3351 Ι
330 3280 440 3334 hisdem
459 3283 521 3352 1128
548 3287 647 3336 mistus
665 3283 675 3352 fl
694 3286 728 3335 24
750 3282 893 3354 incudere]
920 3281 1031 3350 ingredi
1051 3281 1108 3337 001.
1132 3289 1159 3339 et

146 3351 290 3421 7ε9.1125
315 3350 428 3406 demitti
451 3352 503 3420 (ccl
529 3350 645 3421 dimitti)
673 3368 737 3406 eum
766 3353 916 3408 conveniat
938 3351 1022 3422 (loll
1047 3356 1082 3406 26
1109 3354 1159 3408 ad·

139 3422 252 3496 hibitis]
273 3423 386 3479 adiutus
405 3424 441 3478 ad
459 3423 535 3477 iusta
552 3423 722 3491 perducetur
745 3421 800 3479 001.
819 3424 892 3494 culp.
917 3422 1065 3492 (adhibitis
1082 3422 1159 3480 Sua-

136 3497 230 3569 dm)
