2554 3900
495 133 717 197 ...13-

92 300 142 357 eet
162 314 238 356 saec.
258 296 317 355 XII
336 288 516 377 exeuntis1).
548 315 584 355 ex
601 297 658 356 hoc
678 288 734 378 (θ)
754 299 785 356 et
804 297 899 356 altero
919 267 1114 355 Londiniensi

94 378 158 468 (L)
182 385 418 463 Darembergiue
448 386 593 445 lectiones
623 387 750 445 selectas
783 403 852 445 cum
881 385 1000 445 Millero
1034 403 1114 444 com·

93 475 275 550 manicavit,
295 475 404 551 quibus
424 474 540 533 accedit
558 475 669 534 tertius
687 474 852 551 Leydensis
871 474 909 533 ab
929 475 1033 534 eodem
1047 475 1113 534 viro

94 565 187 623 docto
211 562 284 622 olim
307 563 445 623 collatus.
486 563 726 622 Laurentianum
751 562 858 621 LXXV
879 565 897 623 6
922 563 1114 622 chartaceum

95 672 119 713 s.
140 651 197 710 XV
215 652 280 728 ipse
299 651 424 728 inspexi.
456 651 646 728 Hippiatrica
663 651 813 729 incipiunt
830 652 850 710 f.
869 654 931 711 124
950 650 1018 711 τάδε
1035 648 1114 712 ἐστὶν

95 739 131 802 ἕν
154 739 224 824 τῇδε
245 748 280 824 τῇ
304 740 397 826 βίβλῳ
419 747 472 818 τῆς
494 747 554 800 τῶν
577 739 676 801 ἴττττων
699 740 867 821 θεραπείας.
914 741 1044 800 indicem
1066 758 1115 799 ca·

95 831 199 907 pitum
223 830 377 906 excipiunt
395 832 545 889 tractatus
563 830 681 889 metrici
701 830 760 889 duo
784 831 803 888 f.
826 830 888 888 126
913 826 1030 900 ἕκθεοις
1048 827 1115 908 περὶ

97 923 243 996 σταθμῶν
266 916 316 978 καὶ
338 915 451 998 μέτρων
478 915 671 997 ἀκριβεστάτη
701 920 732 978 et
758 911 878 976 f.126‘
901 914 1018 990 ἕκθεσις
1041 920 1114 978 Διο-

99 1007 199 1088 δώρου
217 1004 284 1088 περὶ
298 1012 439 1084 σταθμῶν
458 1004 508 1066 καὶ
522 1003 635 1087 μέτρων
654 1003 780 1087 ἀκριβής
787 998 823 1088 ²).
851 1008 990 1085 sequitur
1007 1009 1028 1066 f.
1050 1009 1113 1068 127

94 1090 248 1175 Ἀψύρτου
271 1093 338 1175 περὶ
360 1103 489 1176 πυρετοῦ
513 1095 626 1157 ἴττττου
651 1090 811 1177 (superscr.
835 1117 875 1154 m.
895 1088 929 1178 2)
952 1095 1115 1173 κεφάλαιον

97 1193 224 1265 πρῶτον.
261 1184 520 1264 Στρατευσάμενος
542 1189 600 1244 κτλ.
626 1179 712 1263 (edit.
736 1185 827 1262 Gryn.
850 1205 879 1261 p.
901 1177 944 1266 1).

167 1273 220 1334 IV.
243 1273 370 1333 Prorsus
385 1273 534 1334 diversam
548 1273 809 1350 Hippiatricorum
821 1275 1025 1334 recensionem
1038 1274 1115 1333 liber

98 1363 225 1440 praebet
238 1363 392 1422 Parisinus
408 1365 493 1424 2322
514 1362 683 1440 descriptus
703 1365 734 1422 et
752 1365 910 1440 excerptus
925 1382 943 1420 a
957 1356 1114 1440 Millero³),

99 1452 275 1511 membrana
298 1453 427 1528 scriptus
451 1469 528 1510 saec.
546 1452 589 1510 XI
611 1452 755 1512 foliorum
774 1454 848 1510 263.
886 1451 1044 1526 inscriptio
1068 1452 1115 1510 est

96 1534 249 1620 Ἀψύρτου
267 1532 460 1622 Διοκλέους4)
480 1539 674 1620 Πελαγωνίου
692 1537 742 1599 καὶ
760 1542 871 1599 λοιπῶν
889 1538 1035 1616 κεφάλαια
1048 1536 1115 1618 περὶ

98 1628 261 1710 θεραπείας
284 1627 390 1688 tanae.
427 1630 529 1705 capita
550 1629 661 1688 ultima
684 1622 933 1707 ,αρξς’-,αοκγ’
951 1627 1115 1705 perierunt,

100 1737 230 1795 quorum
262 1717 405 1777 lemmate
436 1737 471 1776 ex
501 1717 600 1776 indice
630 1718 662 1775 in
691 1716 839 1793 principio
871 1717 971 1793 posito
1005 1735 1114 1796 cogno-

99 1798 267 1886 scuntur⁵).
307 1825 368 1865 non
390 1809 512 1866 tantum
536 1805 608 1866 ordo
635 1805 837 1864 remediorum
863 1807 953 1883 plane
976 1806 1114 1866 inversus

100 1899 147 1956 est
165 1896 197 1954 in
215 1894 272 1953 hoc
290 1895 391 1954 codice
411 1887 491 1977 (M),
516 1894 568 1954 sed
590 1894 724 1971 plurima
745 1895 850 1954 insunt
868 1895 991 1956 inedita.
1029 1913 1115 1955 accu-

98 1985 198 2043 ratius
221 2001 298 2060 quae
322 1985 401 2044 ratio
420 1984 588 2044 intercedat
605 1985 685 2044 inter
702 1984 782 2044 bunc
801 1985 935 2044 codicem
958 1985 1114 2062 et'volga·

99 2093 164 2133 rem
186 2072 350 2132 editionem
370 2074 575 2151 quaerendum
600 2074 629 2133 ei
654 2073 793 2151 relinquo
816 2074 869 2151 qui
894 2093 1004 2134 novam
1027 2075 1116 2149 parat

99 2162 360 2238 Hippiatricorum
371 2162 542 2222 editionem.
566 2166 713 2240 quantam
727 2165 830 2222 autem
838 2162 998 2240 Pelagonii
1010 2162 1115 2221 libello

100 2251 285 2311 recensendo
312 2251 479 2311 utilitatem
507 2253 646 2311 attulerit
673 2253 714 2310 M
738 2271 775 2310 ex
801 2252 857 2311 beo
884 2251 952 2328 ipsa
984 2252 1115 2310 editione

99 2340 228 2418 patebit.
264 2340 313 2399 hio
335 2360 395 2400 non
414 2341 519 2400 tacebo
539 2341 766 2417 compilatorem
784 2341 864 2399 hunc
882 2340 993 2399 melius
1017 2339 1114 2417 egisse

101 2429 185 2508 quod
203 2429 352 2489 Hieroclis
371 2447 469 2489 meras
487 2429 684 2506 repetitiones
703 2429 862 2488 secluserit
878 2429 1036 2503 multaque
1055 2427 1116 2485 alia

99 2517 239 2596 pleniora
273 2519 454 2594 excerpserit
486 2522 541 2578 aut
572 2518 765 2579 transtulerit
797 2535 833 2575 ex
865 2515 928 2574 suis
957 2517 1115 2572 auctorum

102 2607 287 2668 Graecorum
309 2607 548 2684 Latinorumque
572 2607 671 2683 libne,
700 2622 791 2682 quam
814 2604 867 2681 qui
891 2601 1115 2679 Grynaeianum

175 2796 202 2863 1)
220 2791 438 2863 Derembergiue
455 2795 474 2848 1.
494 2810 518 2849 ο.
537 2792 576 2846 ΠΙ
594 2811 621 2862 p.
637 2797 681 2847 47.

173 2869 202 2932 2)
221 2863 338 2919 Diodori
357 2862 563 2934 expositionem
582 2863 697 2918 axeliis
716 2862 861 2919 codicibus
880 2863 979 2918 Ericue
998 2863 1115 2919 Pernice

102 2936 197 2993 edidit
214 2936 284 2990 Mus.
303 2934 392 2990 Rhea.
411 2937 467 2991 vol.
482 2941 518 2990 44
535 2953 563 3005 p.
578 2941 630 2990 568
641 2953 683 3004 eq.

175 3011 203 3076 3)
221 3006 323 3061 Notice
342 3023 389 3061 sur
406 3006 433 3062 le
452 3024 503 3061 me.
523 3022 589 3078 grec
607 3027 635 3063 n.
649 3012 719 3062 232³
743 3008 778 3061 de
801 3007 830 3060 la
851 3005 1046 3075 bibliotheque
1065 3005 1117 3059 im-

101 3079 209 3150 periale
227 3080 381 3133 contenent
398 3077 426 3132 le
444 3079 546 3133 recueil
567 3079 616 3133 dee
636 3081 865 3133 IHHIATPIKA.
893 3076 1008 3131 Noticee
1028 3077 1057 3131 et
1071 3093 1116 3131 ex-

101 3150 185 3205 traits
200 3150 247 3203 dee
263 3147 431 3204 manuscrits
441 3149 475 3202 de
485 3149 516 3202 la
527 3148 595 3203 bibl.
610 3149 758 3219 imperiale
768 3151 822 3206 vol.
833 3149 898 3205 XXI
908 3154 999 3218 paret
1014 3150 1116 3218 (1865).

175 3222 203 3290 4)
221 3219 403 3274 Scribandum
423 3237 482 3274 esee
496 3217 667 3290 Ἱεροκλέους
686 3221 795 3276 monuit
812 3221 938 3274 Millerue
957 3218 976 3274 1.
992 3237 1013 3275 c.
1034 3238 1061 3289 p.
1074 3226 1115 3274 13.

176 3296 203 3360 5)
221 3290 368 3359 Tanquam
386 3290 527 3361 appendix
545 3294 682 3346 tractatus
704 3291 770 3362 περὶ
788 3289 895 3363 μέτρων
914 3289 963 3345 καὶ
982 3294 1117 3361 σταθμῶν

104 3361 310 3431 [auctaretate
324 3362 467 3416 subiectus
482 3365 525 3417 est
538 3380 654 3419 numero
670 3380 773 3418 carens.
797 3362 987 3432 praecedebat
1000 3360 1115 3432 (paouy‘)

104 3433 137 3489 iu
156 3443 211 3490 τῶν
225 3432 408 3506 Κλεοπατρας
421 3443 595 3504 αοομητιτῶν
613 3434 679 3505 περὶ
694 3439 828 3505 σταθμῶν
842 3434 892 3490 καὶ
905 3431 1022 3504 μέτρων,
1042 3433 1118 3501 quod

103 3506 192 3561 etiem
210 3507 239 3560 in
258 3506 286 3560 P
302 3503 319 3559 f.
336 3503 400 3560 390¹
416 3506 530 3574 legitur.
