2558 3894
487 140 705 204 „75-

81 304 155 382 sopi
179 337 221 345 —
244 303 289 382 11,
316 303 426 362 herbae
457 302 607 364 chironiae
627 337 669 345 —
692 304 735 382 H,
763 304 817 362 iris
843 303 983 381 Illyricae
1005 337 1043 346 —
1065 304 1104 382 Π,

82 394 188 455 casiae
206 393 327 451 fistulae
346 424 383 432 -
400 391 440 469 11,
459 393 611 452 trananthi
627 425 667 434 -
682 393 721 471 H,
742 394 881 453 abrotoni
895 425 937 434 --
951 393 1007 472 m,
1025 413 1104 454 mar·

80 483 168 542 rubii
190 481 317 542 maseuli
340 481 417 540 aridi
437 513 474 523 -
497 479 536 559 Π,
561 482 679 542 strobili
700 482 805 542 viridis
826 515 864 524 —
885 482 929 541 H:
952 485 1043 541 tunsa
1062 483 1106 542 di·

80 574 218 652 ligenter
240 574 271 630 et
293 589 381 647 passo
406 569 540 630 admixto
562 570 702 630 faucibus
725 571 885 632 infundito.

52 813 67 854 5
207 801 289 860 XIII.
327 802 376 860 De
399 801 559 877 hydrope
581 801 640 861 vel
664 802 705 861 de
728 803 981 879 tympanitioo.

257 924 514 986 PELAGONIVS
538 925 738 986 FESTIANO
763 925 839 986 SVO
863 927 932 986 AIT

153 1052 258 1127 Equos
271 1050 405 1126 hydrope
423 1050 598 1126 frequenter
613 1051 717 1110 vexari
735 1055 766 1112 et
784 1053 958 1112 contrahere
977 1053 1103 1112 eandem
1114 1055 1172 1112 210

81 1140 257 1218 passionem
279 1158 339 1198 non
363 1139 501 1199 omnibus
524 1142 631 1198 notum
655 1143 708 1218 est,
728 1141 782 1217 qui
800 1141 908 1201 erroris
931 1143 1106 1218 frequenter

83 1231 219 1290 subeunt
241 1229 374 1304 eulpam:
398 1246 470 1286 nam
492 1246 561 1287 eum
584 1247 679 1305 equus
701 1230 835 1306 hydrope
859 1233 1007 1308 teneatur,
1031 1233 1104 1288 tuno

41 1329 69 1368 1⁰
86 1321 144 1378 aut
171 1317 386 1395 pinguedinem
417 1319 472 1374 aut
498 1317 684 1378 inflationem
716 1318 848 1395 eorporis
880 1321 1006 1396 putant3
1035 1337 1105 1377 oum

87 1406 240 1484 splenious
259 1407 349 1465 estet
367 1407 472 1465 venter
489 1405 637 1485 inoreseit,
656 1410 798 1466 naturam
816 1407 949 1483 eorporis
972 1408 1103 1484 sperant.

85 1498 119 1555 in
142 1496 180 1554 iis
211 1498 314 1554 nutem
344 1494 398 1570 qui
424 1493 558 1571 hydrope
585 1498 787 1574 temptantur,
816 1496 903 1574 signa
930 1495 1104 1555 huiusmodi

85 1588 167 1644 sunt.
205 1586 310 1644 venter
332 1583 438 1642 oresoit
460 1603 529 1643 oum
553 1584 679 1661 duritia,
708 1603 796 1644 orura
819 1584 983 1644 tumidiora
1011 1602 1103 1660 appa-

84 1676 164 1750 rent,
188 1676 310 1733 etcum
333 1690 446 1748 equum
474 1691 592 1731 omrere
619 1673 763 1749 volueris²
792 1674 879 1731 aetus
910 1691 970 1732 non
993 1675 1102 1750 potest,

44 1771 71 1812 1⁵
87 1763 141 1823 sed
164 1761 330 1821 suffocatur
352 1764 383 1819 et
402 1763 586 1838 angustatur
604 1761 729 1836 spiritus
747 1779 801 1820 neo
820 1761 974 1821 ambulare
993 1764 1101 1839 potest.

86 1853 140 1911 iile
173 1853 275 1909 autem
307 1850 361 1926 qui
398 1849 549 1926 splenious
587 1852 649 1928 est,
682 1852 817 1910 ventrem
848 1850 911 1910 sine
944 1851 1102 1911 intellectu

84 1940 231 2000 maiorem
253 1939 340 2017 gerit,
364 1941 395 1996 et
417 1957 487 1997 oum
509 1940 671 2017 exercetur,
695 1942 846 1999 sternutae
871 1942 1044 2018 frequenter
1072 1944 1103 2000 et

85 2031 180 2106 caput
203 2029 304 2088 doloro
326 2028 392 2104 ipso
415 2027 517 2087 iactat.
555 2028 588 2087 in
609 2029 808 2105 tympanitioo
832 2029 893 2089 ah'a
917 2030 1003 2108 signa
1022 2032 1101 2088 sunt.

84 2120 193 2178 venter
215 2117 337 2193 quidem
359 2116 466 2175 oresoit
489 2119 520 2176 et
542 2116 615 2176 iuba
638 2121 669 2177 et
691 2119 791 2179 cervix
808 2118 908 2196 rigida
927 2122 973 2178 est
996 2121 1027 2177 et
1044 2119 1102 2176 fre-

44 2217 71 2256 20
86 2209 216 2284 quenter
238 2205 330 2264 etiam
354 2205 524 2265 extensione
547 2206 614 2282 ipsa
641 2210 673 2265 et
699 2211 817 2267 tumore
844 2202 1103 2284 intestin<or>nm

85 2316 140 2372 per
170 2297 305 2355 meatum
337 2294 475 2353 stercoris
510 2295 671 2371 rumpitur.
714 2297 825 2373 quibus
856 2297 930 2355 haee
962 2295 1102 2372 prodesse

85 2403 164 2462 quae
189 2382 373 2443 ostendimus
392 2383 592 2443 certissimum
616 2387 669 2443 est.

152 2472 201 2531 Ad
223 2472 395 2548 hydropem.
433 2472 471 2531 ab
494 2473 637 2532 umbilioo
660 2473 699 2530 ad
726 2474 831 2546 peetus
859 2489 988 2547 versum,
1017 2471 1166 2528 mon-211

85 2581 158 2620 sura
190 2561 295 2639 digitis
327 2559 445 2620 duobus
474 2561 514 2619 sit
546 2561 603 2619 tibi
635 2560 801 2636 subtiIIter,
839 2561 944 2618 eontra
977 2577 1038 2616 non
1068 2558 1102 2615 in

46 2659 73 2698 2⁵
86 2652 191 2729 latere,
214 2649 328 2728 sagitta
351 2651 474 2726 percute
498 2651 529 2708 et
551 2648 686 2707 fistulam
708 2667 799 2726 pone,
822 2667 876 2724 per
899 2665 992 2723 quam
1015 2664 1103 2705 umor

87 2742 191 2800 ourrat
213 2741 268 2796 aut
291 2757 384 2816 aqua,
413 2757 490 2814 quae
514 2737 712 2813 hydropicum
738 2737 820 2797 faoit.
858 2755 976 2796 currere
1000 2736 1103 2794 autem

88 2828 177 2887 debet
202 2846 291 2886 umor
315 2828 353 2886 ad
380 2827 525 2886 sextarios
544 2827 618 2904 1111,
642 2827 692 2886 vel
715 2826 741 2884 si
764 2826 834 2902 plus
853 2825 1008 2903 tumuerit,
1032 2826 1102 2900 plns

88 2917 169 2977 tolie.
212 2935 283 2974 sane
312 2915 354 2974 sie
381 2916 551 2974 iumentum
577 2915 652 2992 liga,
682 2915 829 2992 quamdiu
855 2916 1009 2974 fraoesoat.
1055 2914 1104 2973 uti

88 3006 177 3066 debes
195 3003 369 3081 potionibus
387 3004 434 3081 iis,
454 3022 531 3079 quae
550 3004 671 3063 urinam
688 3006 838 3080 moveant,
862 3003 981 3062 assidue
1001 3005 1104 3062 antem

47 3095 248 3154 ⁸⁰etf1ieare
272 3093 361 3152 debes
384 3095 415 3151 et
438 3090 545 3150 sudare
569 3092 663 3152 debet.
701 3113 756 3169 pro
785 3091 850 3152 oibo
878 3111 1002 3170 gramen
1025 3091 1102 3151 aoei-

87 3221 301 3232 ,..----.-

160 3297 262 3354 1esie
282 3296 392 3366 illyrioe
420 3300 429 3367 ΙΙ
455 3303 470 3351 2
501 3295 609 3352 cassiae
633 3301 637 3365 Ι
659 3296 782 3351 trecenti
805 3298 810 3364 Ι
832 3294 985 3350 habrotoni
1005 3298 1009 3364 Ι
1029 3313 1102 3350 mer-

86 3370 150 3424 rubi
168 3369 196 3423 R
223 3367 351 3441 (λιβάνου
371 3369 439 3436 ΗΡ)
457 3371 466 3439 11
482 3375 496 3423 '1
516 3367 657 3437 hydropes
671 3369 680 3436 ΙΙ
697 3373 728 3420 12
752 3367 796 3420 hie
810 3368 819 3436 ΙΙ
835 3373 868 3421 18
887 3368 1079 3435 tympanetioo
1094 3365 1103 3435 Η

88 3447 120 3495 21
140 3439 193 3494 hee
214 3440 223 3508 ΙΙ
241 3446 275 3494 22
295 3456 348 3507 que
369 3441 378 3509 ΙΙ
402 3445 435 3494 23
455 3456 614 3494 mensnram
636 3440 646 3508 ΙΙ
669 3445 703 3492 24
723 3437 748 3492 si
765 3437 819 3491 tibi
838 3436 942 3492 subtiir
960 3433 1102 3506 (subtilior

87 3511 197 3580 adoret.)
211 3512 221 3581 ΙΙ
239 3516 274 3567 27
292 3510 393 3566 humor
408 3512 413 3580 Ι
430 3512 495 3565 sest.
509 3511 519 3580 ΙΙ
533 3515 567 3564 29
586 3509 630 3564 his
651 3525 705 3578 que
719 3511 729 3578 {l
743 3513 777 3563 30
795 3506 900 3576 frigere
