2554 3900
507 143 727 210 „55-

105 311 208 388 ipsum
235 309 292 368 tibi
319 308 453 386 exhibes,
480 307 623 386 flemisti,
652 309 734 385 quod
761 311 791 368 et
818 309 904 369 nobis
932 312 979 368 est
1000 311 1124 388 gratum

105 403 139 459 et
165 397 366 458 necessarium
393 397 450 456 tibi
476 417 513 456 ex
539 397 699 474 superfluo.
744 397 841 476 igitur·
867 398 903 459 de
930 398 1018 459 dorso
1042 399 1124 475 apud

104 492 137 548 te
159 506 259 564 pauca
281 486 426 564 dicemus,
453 486 525 544 licet
547 505 620 546 cura
642 487 731 545 istius
754 487 886 563 corporis
913 487 971 546 tibi
998 487 1123 566 aurigae

105 577 226 655 privato
244 595 305 636 non
324 575 399 634 adeo
418 574 459 633 sit
476 575 652 653 necessaria,
676 574 749 651 quia
769 576 869 635 curuli
887 595 964 652 equo
984 595 1003 635 a
1020 576 1123 636 labore

78 679 178 743 opars
204 664 265 723 ista
292 663 424 740 corporis
452 663 552 723 aliena
579 667 631 723 est.
678 665 780 723 tamen
807 667 844 722 ut
870 684 907 724 ex
933 665 1123 742 omniparis

105 755 226 832 integra
253 753 442 829 inlibataque
471 771 597 829 corpora
626 770 773 829 equorum
798 756 1001 832 perseverent,
1031 754 1124 814 etiam

104 844 184 903 hanc
206 861 312 902 curam
334 841 408 902 scire
431 843 462 900 te
485 840 632 901 convenit.
966 860 969 866 ·
1265 901 1266 906 ,

175 931 208 990 Si
230 931 353 990 dorsum
370 929 500 1008 laeserit,
524 932 594 990 ante
606 921 715 990 ¹omnia
733 929 831 990 otium
849 933 896 992 eat
912 931 1122 1010 necessarium,
1133 931 1190 987 164
1265 977 1266 982 ,

104 1023 143 1079 ut
165 1022 196 1078 et
218 1019 394 1097 diligentius
421 1021 545 1079 curetur
571 1021 694 1095 etpost
719 1038 823 1080 curam
850 1021 983 1097 spatium
1006 1021 1124 1081 dierum

62 1125 92 1164 ιο
104 1108 281 1187 largiamur,
303 1127 359 1168 nec
381 1109 445 1168 tam
468 1108 528 1167 cito
550 1107 752 1186 iniungendus
776 1111 822 1168 est
843 1109 941 1188 labor,
965 1129 1002 1170 ne
1025 1111 1123 1168 adhuc

105 1201 211 1258 tenera
221 1197 348 1258 wrinera
361 1196 473 1257 laboris
487 1196 630 1257 inisuiam
643 1216 703 1256 non
717 1198 817 1256 ferant
830 1217 998 1274 noxamque
1012 1199 1124 1258 iterum

104 1286 293 1348 coenabant.
324 1285 426 1345 curari
442 1289 546 1346 autem
559 1285 647 1345 debet
666 1286 721 1346 sic:
740 1287 766 1345 si
779 1287 890 1347 vulnus
904 1287 1006 1364 fuerit,
1025 1287 1122 1364 gallos

105 1375 247 1452 Syriacas
270 1374 441 1434 combustas
466 1393 535 1434 curn
557 1375 644 1434 melle
668 1375 787 1436 vulneri
810 1376 1028 1452 superimponn

173 1463 251 1522 Item
274 1463 358 1522 aliud
381 1463 493 1522 faciens
516 1463 555 1522 ad
579 1464 679 1524 omnia
701 1465 835 1523 vulnera.
881 1465 1037 1541 pulverem
1059 1476 1190 1534 cor-165

62 1568 90 1608 15
105 1552 175 1612 ticis
204 1551 270 1628 pini
300 1554 331 1612 et
360 1547 507 1630 <florem>
536 1552 625 1611 calcis
655 1552 742 1612 vivae
775 1571 873 1628 aequo
905 1553 1035 1628 pondere
1067 1552 1122 1610 mi-

104 1640 201 1702 scebis
233 1643 264 1700 ct
295 1640 469 1700 vulneribus
501 1659 728 1718 supersparges,
760 1644 816 1700 ant
847 1641 981 1716 cupressi
1010 1641 1123 1717 pilulas

104 1734 212 1789 tunsas
234 1732 266 1789 et
288 1729 433 1789 cribratas
456 1729 631 1790 vulneribus
654 1729 797 1805 impones.

172 1819 251 1878 Item
277 1822 347 1895 post
374 1835 478 1880 curam
503 1821 541 1878 ut
567 1818 623 1894 pili
646 1821 793 1895 crescant,
821 1818 1004 1878 testudinem
1031 1823 1191 1896 snpralbt

105 1910 258 1966 sarmenta
290 1907 446 1967 combures
477 1909 509 1967 et
539 1907 571 1964 in
601 1907 730 1966 cinerem
758 1907 919 1986 diligenter
947 1908 1063 1987 rediges
1094 1911 1125 1968 et

59 2013 88 2053 sc
105 1997 215 2055 tritum
251 1995 283 2054 in
320 1996 480 2056 caccabum
516 2015 629 2057 novum
664 1995 766 2056 mittes
803 1999 834 2056 et
865 1997 1007 2057 aluminis
1039 1997 1124 2057 crudi

104 2085 210 2144 uncias
228 2084 275 2144 ΙΠ
302 2089 333 2144 et
361 2085 511 2144 medullae
539 2085 675 2146 cervinae
704 2085 785 2162 quod
813 2086 926 2146 sufficit
952 2105 1021 2146 cum
1051 2086 1123 2147 vinc

104 2173 220 2250 pariter
248 2173 280 2232 in
302 2174 428 2234 caccabo
458 2174 636 2234 confricabis
666 2177 697 2234 et
723 2175 889 2251 superlines
919 2175 1123 2252 compluribus

104 2262 219 2322 diebus.

174 2352 268 2410 Aliud
295 2351 435 2427 apopiras
458 2351 611 2430 Pelagoni.
657 2352 813 2427 pulverem
840 2351 876 2410 de
902 2352 1016 2428 lupinis
1044 2353 1188 2412 com-16⁷

62 2439 206 2500 arbustis
229 2437 298 2516 <vel
320 2439 398 2498 fabis
421 2434 540 2519 frictis>
562 2441 632 2501 vino
655 2440 785 2498 mixtum
808 2440 965 2514 superline.

172 2528 250 2588 Item
273 2528 299 2588 si
323 2529 444 2590 dorsum
467 2529 505 2588 ab
528 2529 641 2587 iniuria
668 2529 723 2586 aut
750 2526 902 2602 imperitia
924 2527 1054 2586 sedentis
1077 2527 1189 2586 in·le

103 2617 260 2694 tumuerit,
284 2617 396 2678 Arcadi
413 2618 561 2695 apopiras.
598 2616 760 2675 mellonem
779 2632 877 2692 caepe,
898 2615 930 2673 id
948 2617 994 2676 est
1011 2615 1123 2675 fascem

102 2707 185 2764 unde
213 2725 303 2782 caepe
330 2706 431 2783 ipsum
463 2706 610 2783 dependet
641 2705 673 2762 in
707 2704 837 2763 calidam
871 2704 1123 2765 ferventissimam

102 2795 220 2872 mittes,
249 2797 286 2853 ut
307 2795 482 2872 incalescat,
510 2798 541 2854 et
567 2797 673 2871 postea
700 2793 832 2852 calidum
859 2810 951 2870 supra
973 2797 1123 2856 tumorem

60 2899 88 2940 ec
103 2885 241 2960 impones
255 2886 311 2942 aut
323 2884 418 2944 fascia
431 2883 617 2960 constringes
631 2886 687 2944 aut
700 2882 882 2943 scordiscnm
898 2885 1123 2962 superimpones

104 2976 135 3032 et
159 2991 221 3030 nna
244 2975 330 3032 nocte
354 2976 385 3032 et
408 2973 455 3032 die
479 2972 521 3032 sic
543 2975 672 3032 maneat.
719 2971 886 3032 certissima
906 2974 1023 3034 medela
1046 2977 1099 3034 est.

178 3165 194 3212 2
206 3161 276 3225 aput
288 3163 298 3230 i
312 3158 440 3214 lcurulis
454 3162 464 3230 i
478 3165 493 3214 7
505 3159 627 3231 scirete]
642 3158 729 3214 sciret
742 3161 771 3212 et
785 3161 794 3229 ΙΙ
808 3157 932 3214 Sleserit
945 3165 981 3216 ari
990 3162 1052 3217 offis
1065 3163 1075 3230 d
1090 3168 1123 3216 18

106 3228 266 3301 supinpone
279 3231 289 3300 l
304 3236 338 3284 lb
352 3229 403 3303 <>
416 3232 526 3286 restitui
539 3248 573 3286 ea
585 3231 647 3300 ch.
662 3231 671 3300 i
687 3235 719 3283 11
734 3228 853 3299 inpones
867 3233 876 3296 ΙΙ
890 3236 925 3283 20
934 3231 1025 3287 mittis
1042 3238 1047 3302 Ι
1063 3249 1123 3287 cru-

105 3301 179 3355 dunt
195 3302 205 3370 ss
220 3307 253 3354 22
273 3302 423 3372 superlinis
437 3303 447 3372 ll
462 3307 495 3356 26
513 3301 565 3376 <>
584 3319 605 3356 e.
624 3301 790 3372 praestem
803 3317 836 3355 cc
850 3301 886 3354 Η
895 3307 920 3356 et
937 3303 999 3374 ch.
1017 3306 1021 3373 Ι
1036 3305 1123 3359 misti

103 3373 273 3443 superlinall
291 3378 326 3427 26
344 3371 480 3442 inperitia
498 3375 508 3445 ΙΙ
525 3380 559 3428 21
579 3373 672 3438 fascea
700 3371 803 3425 munde
828 3387 913 3441 caepe
936 3373 994 3444 ipim
1018 3375 1122 3442 depen-

103 3443 234 3513 (11111128
254 3443 357 3499 callida
371 3446 381 3514 11
395 3449 429 3499 29
448 3445 583 3500 callidum
596 3446 606 3514 ΙΙ
620 3448 654 3498 30
672 3441 790 3513 inpones
809 3444 814 3512 Ι
831 3444 999 3514 constringis
1015 3449 1020 3513 1
1037 3459 1121 3510 super

102 3515 226 3584 inpones
244 3513 305 3582 1131
324 3515 447 3570 medella

160 3611 218 3663 1111,
231 3613 377 3664 Pelagoniae.
892 3605 908 3652 5
