2554 3900
497 185 538 193 ...
586 149 716 218 63-

97 313 294 374 adseveravit.
337 305 413 372 nam¹
431 311 504 371 dicit
527 313 673 389 cooperiri
691 313 796 373 debere
816 333 928 390 equum
947 314 1115 393 diligenter,

95 403 142 462 ita
164 405 315 478 utusque
334 402 373 460 ad
391 403 504 461 terram
522 402 708 478 coopertoria
727 402 934 481 demittantur,
957 423 994 463 ne
1012 405 1115 464 fumus

95 490 305 568 thymiamatis
336 493 435 568 exeat,
467 491 498 550 et
530 490 572 549 sic
602 493 736 551 castoreo
766 491 944 552 carbonibus
973 493 1114 568 imposito

98 600 216 641 omnem
246 582 381 639 ventrem
411 581 443 638 et
470 581 562 638 testes
593 579 688 655 ipsius
721 581 792 656 equi
820 581 977 659 fumigari:
1010 581 1114 640 statim

67 669 198 728 ⁵meiat.
236 669 376 745 prodesse
395 672 497 728 tamen
515 669 575 727 mel
594 671 712 728 coctum
731 669 845 728 salibus
863 670 949 748 iungi
968 671 1114 730 olfacere

94 758 209 835 pilulas
231 757 264 814 in
286 757 410 816 modum
432 756 482 817 ovi
500 757 581 816 etin
605 776 662 817 ano
680 777 798 834 ponere.
835 759 891 818 hoc
914 758 1006 818 etiam
1026 758 1114 835 prod·

96 847 219 924 osteis,
243 846 296 922 qui
319 846 477 922 stropham
499 846 667 921 patiuntur.

164 935 242 994 Sane
269 934 365 1010 ipsius
391 934 540 1011 passionis
567 954 678 1012 genera
705 938 777 994 sunt
803 935 875 995 tria:
904 955 1001 994 unum
1032 937 1114 1012 quod
1125 945 1180 1002 152

95 1024 209 1084 dicitur
227 1023 358 1101 dysuria,
383 1023 502 1099 quando
521 1023 639 1082 tardius
656 1024 757 1101 meiat,
781 1025 911 1084 alterum
932 1025 1112 1104 stranguria,

51 1113 218 1190 loquendo
242 1131 311 1172 cum
334 1111 435 1172 dolore
455 1115 485 1172 et
503 1111 682 1172 difficultate
701 1113 801 1192 meiat,
824 1114 950 1173 tertium
972 1113 1112 1192 leobatio,

95 1202 218 1278 quando
241 1201 362 1262 omnino
384 1220 444 1260 non
467 1201 568 1279 meiat,
592 1203 673 1277 quod
696 1222 755 1262 non
778 1202 866 1262 facile
890 1205 1021 1262 curatur.
1064 1203 1113 1261 cui

95 1291 190 1350 etiam
211 1310 266 1366 pro
290 1289 448 1368 diligentia
471 1292 502 1349 et
523 1310 578 1366 pro
602 1309 701 1350 amore
725 1310 872 1368 equorum
893 1289 1060 1350 remedium
1083 1293 1114 1349 et

95 1379 228 1439 medelas
251 1398 361 1457 negare
384 1398 444 1438 non
467 1378 568 1457 debes,
597 1379 648 1438 sed
676 1380 781 1440 calidis
802 1380 892 1439 rebus
913 1379 975 1457 uti,
1005 1378 1050 1437 ita
1076 1381 1114 1438 ut

97 1467 240 1546 spongias
263 1467 376 1528 calidas
399 1467 472 1527 locis
496 1468 634 1527 omnibus
661 1469 852 1528 nabrralibus
880 1469 1052 1546 admoveas,
1083 1471 1114 1527 et

52 1568 80 1609 1⁵
96 1557 235 1633 potiones
271 1557 444 1632 frequenter
475 1557 563 1616 melle
596 1560 627 1616 et
658 1576 746 1633 passo
778 1557 880 1616 mixtis
913 1575 982 1615 oum
1015 1574 1112 1632 aquae

94 1646 211 1705 calidae
235 1644 371 1704 sextariis
401 1665 493 1721 prope
524 1645 641 1704 duobus
670 1665 725 1721 per
754 1645 908 1703 sinistram
935 1663 1039 1704 narem
1068 1644 1113 1704 in·

94 1734 229 1794 fundere.
266 1734 341 1794 facit
359 1733 451 1792 etiam
469 1734 529 1810 ipsi
546 1733 680 1809 passioni
699 1735 730 1792 et
747 1733 870 1810 prodest
887 1752 976 1812 aqua,
998 1733 1031 1792 in
1052 1753 1113 1810 qua

93 1824 183 1882 betae
203 1825 258 1882 aut
275 1823 392 1882 malvae
410 1822 526 1883 fuerint
544 1823 691 1900 decoctae,
715 1841 784 1881 cum
802 1823 890 1884 melle
909 1822 988 1882 data.
1031 1823 1112 1884 cibos

93 1912 206 1972 virides
229 1912 299 1971 dare
324 1911 405 1988 quod
428 1911 454 1969 si
476 1914 596 1987 tempus
623 1931 683 1971 non
706 1911 853 1990 patietur,
880 1913 1005 1972 faenum
1027 1913 1111 1972 meli-

49 2012 77 2052 20
93 2002 180 2061 orato
203 2019 359 2078 aspergere
383 2002 414 2060 et
436 2000 472 2059 de
494 2001 605 2060 hordeo
627 2001 757 2060 tisanam
776 2020 845 2061 cum
863 2002 1018 2062 meliorato
1042 2002 1111 2060 dare

92 2089 293 2148 utilissimum
315 2092 367 2148 est.
413 2088 460 2147 his
483 2092 586 2149 autem
607 2090 696 2148 rebus
724 2090 868 2166 praebitis
897 2110 982 2150 omne
1006 2089 1112 2148 intrin-

93 2197 181 2238 secus
204 2178 332 2255 malum,
360 2177 441 2254 quod
464 2197 500 2236 ex
522 2178 636 2237 acerbis
658 2179 814 2238 umoribus
836 2179 984 2256 nascitur,
1012 2178 1111 2238 dulce-

92 2268 164 2327 dine
187 2267 253 2343 ipsa
276 2266 374 2326 mellis
401 2267 450 2326 vel
478 2266 609 2326 aliarum
634 2287 735 2327 rerum
766 2267 911 2326 similium
938 2266 1113 2328 dissolvitur

94 2359 189 2433 atque
214 2357 345 2415 curatur.

50 2456 77 2496 ²5
163 2445 241 2504 Item
268 2444 307 2503 ad
332 2463 382 2504 eos
406 2439 480 2521 <qui
505 2465 565 2504 non
590 2439 735 2522 molant),
758 2444 885 2502 Emeriti
909 2442 1109 2502 mulomedici.
1123 2452 1179 2507 158

90 2533 296 2594 rosmarinum
314 2533 444 2609 decoque
464 2535 495 2592 et
513 2533 549 2592 de
568 2533 666 2592 calida
683 2533 750 2607 ipsa
768 2532 860 2589 testes
878 2532 987 2590 foveto.
1031 2530 1111 2605 quod

91 2623 119 2682 si
138 2622 257 2681 tardius
275 2621 439 2698 meiaverit,
459 2621 593 2681 cimicem
611 2621 716 2681 vivum
734 2620 766 2678 in
785 2638 889 2678 aurem
908 2618 978 2694 equi
996 2617 1111 2677 mittito

91 2715 125 2771 el
148 2711 279 2771 alterum
303 2729 394 2786 supra
415 2713 565 2788 naturam,
590 2729 651 2787 qua
674 2709 774 2786 meiat,
798 2708 969 2768 confricato.
1010 2706 1111 2766 certis-

93 2801 207 2859 simum
229 2799 395 2858 remedium
418 2801 472 2858 est.

50 2898 76 2938 ⁸0
161 2888 239 2947 Item
262 2887 301 2946 ad
323 2905 373 2948 eos
397 2887 450 2964 qui
472 2887 590 2946 tardius
612 2887 732 2946 meiant.
778 2906 882 2964 porros
910 2887 1056 2963 decoquas
1080 2889 1179 2950 etrsl

91 2996 201 3036 sucum
230 2995 334 3036 eorum
362 2976 501 3052 exprimis
532 2977 570 3034 ad
600 2976 763 3036 sextarium
791 2980 822 3035 et
848 2975 1019 3036 commisces
1047 2975 1111 3034 viui

91 3065 204 3126 veteris
232 3067 263 3123 et
289 3064 348 3124 olei
376 3064 569 3124 acetabulum
596 3067 627 3124 et
654 3065 738 3124 dabis
765 3085 819 3141 per
845 3083 948 3124 narem
976 3064 1110 3122 dextram

92 3158 124 3214 et
147 3153 327 3213 deambulet.
373 3154 429 3213 hoc
452 3153 544 3213 facies
567 3153 677 3231 triduo,
700 3156 736 3212 ut
758 3153 855 3231 magis
879 3164 969 3212 sanus
993 3151 1039 3210 sit.

167 3313 178 3358 1
202 3323 303 3374 equum
321 3306 435 3372 scripsi:
453 3309 487 3359 cd
515 3306 525 3374 l
552 3303 768 3358 2dimittanlur
794 3307 804 3374 ll
831 3311 848 3359 8
872 3305 1001 3358 castorea
1026 3306 1031 3373 Ι
1060 3303 1112 3357 im-

91 3377 189 3448 posita
207 3377 217 3444 l
235 3380 251 3429 l
270 3375 310 3429 eie
328 3377 443 3445 scripsi:
461 3380 491 3429 et
506 3380 511 3443 Ι
526 3375 644 3431 strelam
662 3377 672 3442 l
693 3381 725 3429 13
743 3374 879 3428 medellas
895 3379 899 3441 Ι
915 3373 1026 3428 callidis
1044 3374 1054 3441 l
1078 3379 1111 3426 14

93 3447 236 3528 callidaefl
250 3451 284 3500 15
299 3445 389 3501 mistis
405 3448 410 3517 l
427 3446 546 3501 callidae
559 3449 569 3515 l
583 3452 617 3500 18
627 3447 742 3500 decocto
755 3448 765 3513 l
780 3451 812 3499 19
823 3446 888 3500 lent
903 3447 913 3513 Ι]
926 3449 961 3498 20
973 3459 1093 3512 asperge
1103 3443 1112 3511 Η

93 3525 127 3573 21
147 3517 268 3588 probatis
281 3520 291 3587 l
304 3521 339 3572 22
358 3518 466 3572 aceruis
480 3517 490 3585 l
503 3522 538 3570 26
558 3515 662 3570 callida
675 3517 684 3585 l
697 3520 732 3569 28
751 3517 852 3569 natura
865 3518 875 3583 11
889 3521 922 3568 82
941 3513 1031 3566 ueteri
