2554 3900
507 179 727 244 -37..

107 341 237 420 potione
254 361 326 402 suco
344 334 426 402 faeni
441 342 548 404 Graeci
567 362 635 403 cum
653 343 750 422 melle,
769 345 801 403 et
817 342 929 402 iterum
947 343 1125 422 sanguinem

108 432 147 491 de
171 431 307 491 articulis
330 431 461 510 detrahe,
484 432 609 509 potione
631 432 754 509 pulvere
778 431 978 510 quadrigario.
1065 455 1067 460 ’

177 520 255 579 Item
277 519 379 597 pulvis
399 520 544 599 Pelagoui
567 521 715 598 apopiras.
757 520 903 580 ciconiam
926 537 1003 596 quae
1027 521 1125 580 adhuc
1135 524 1172 581 18

107 627 171 669 non
201 609 275 689 stat,
306 609 357 668 sed
385 610 488 668 tamen
515 628 593 686 quae
620 609 682 669 iam
708 596 861 686 plumulis
889 609 994 688 habet,
1023 609 1125 670 vivam

78 707 94 749 ⁵
107 697 198 757 mitte
220 697 253 756 in
271 697 467 757 caccabulum
483 697 607 758 fictilem
625 700 656 758 et
674 715 770 777 gypsa
788 701 820 758 et
836 698 870 757 in
886 699 1011 758 lirinum
1028 697 1123 759 mitte.

107 786 179 845 inde
202 805 272 846 cum
298 786 391 846 buerit
417 787 517 863 pulvis
544 787 657 865 iactus,
687 787 720 846 id
746 790 792 846 est
819 806 888 847 cum
914 787 1008 847 tuerit
1033 789 1124 867 tosta,

107 875 141 934 in
164 875 308 936 mortario
336 877 399 934 tere
426 877 458 934 et
483 876 639 954 pulverem
663 873 718 953 [et]
746 895 857 952 repone
883 875 915 935 in
943 876 1004 936 olla
1026 877 1124 938 vitrea

107 966 233 1024 etcum
254 981 372 1024 necesse
395 963 500 1042 fuerit,
528 965 660 1024 cocleare
688 964 740 1025 sed
766 965 877 1044 grande
903 964 1028 1042 plenum
1055 984 1124 1025 cum

107 1051 180 1113 vino
202 1051 278 1112 Afro
300 1052 439 1112 faucibus
461 1053 595 1133 infunde,
619 1053 764 1129 quamdiu
787 1071 878 1114 sanus
901 1055 948 1114 sit.
995 1054 1123 1115 certissi-

62 1155 92 1194 10
107 1159 177 1200 mus
200 1143 231 1200 et
253 1141 395 1201 salutaris
417 1142 518 1218 pulvis
541 1145 594 1202 est.

175 1229 254 1289 Item
276 1230 367 1290 aliud.
413 1230 580 1292 cucumeris
603 1231 734 1293 silvatici
755 1232 870 1292 radices
893 1232 1058 1292 contundes
1085 1231 1124 1290 ad
1133 1233 1171 1290 12

107 1320 181 1378 sext.
205 1319 252 1378 ΙΠ
273 1321 305 1379 et
332 1319 471 1379 infundes
499 1320 532 1379 in
559 1339 657 1397 aquae
686 1324 757 1380 sext.
781 1320 844 1380 ΠΠ
872 1323 942 1380 ante
969 1319 1065 1396 pridie
1093 1321 1124 1378 et

107 1407 208 1486 agitas
236 1426 328 1485 quam
355 1408 522 1469 diutissime
549 1412 581 1469 et
611 1409 693 1471 colas
720 1412 751 1470 et
782 1410 825 1470 sio
852 1408 1023 1470 commisces
1051 1406 1124 1466 nitri

106 1495 305 1556 Alexandrini
338 1497 422 1556 tunsi
456 1501 487 1558 et
523 1498 597 1558 creti
632 1495 720 1577 <unc
751 1495 843 1576 XVI>
873 1500 905 1558 et
938 1497 991 1556 das
1018 1494 1123 1556 diebus

61 1599 92 1640 15
107 1586 231 1662 septem.
282 1604 352 1645 cum
378 1586 523 1664 defuerit,
550 1604 662 1663 aquam
691 1587 798 1664 iunges
821 1588 852 1646 et
881 1585 923 1645 sic
949 1584 1047 1644 bibat:
1070 1603 1124 1661 per

105 1693 202 1734 cornu
223 1674 361 1734 faucibus
383 1675 530 1736 inscindes.

174 1762 252 1822 Item
279 1763 370 1822 aliud.
421 1763 543 1824 seminis
570 1763 743 1824 cucurbitae
769 1762 990 1823 Alexandrinae
1024 1764 1172 1824 scete-20

104 1851 215 1910 bulum
245 1870 342 1911 unum
373 1852 460 1930 frigis
490 1855 520 1912 et
548 1851 652 1913 tundis
682 1854 713 1913 et
742 1851 837 1912 cernis
867 1855 898 1912 et
923 1853 1030 1912 misces
1058 1852 1123 1914 vini

104 1939 217 2000 veteris
240 1940 302 2000 albi
325 1940 365 2000 ad
386 1959 499 2001 cornua
522 1941 581 2002 duo
610 1942 641 2002 et
663 1941 762 2021 agites
785 1941 838 2001 diu
861 1944 892 2002 et
913 1943 1019 2019 postea
1041 1941 1122 2002 colas

60 2044 90 2085 ao
105 2028 138 2088 et
161 2029 205 2089 sic
226 2047 281 2106 per
303 2029 456 2090 dormiam
477 2049 580 2091 narem
602 2031 707 2092 diebus
731 2031 864 2109 quinque
887 2025 1071 2109 (infundis).

173 2117 251 2177 Item
269 2119 308 2178 ad
326 2118 472 2197 morbum,
495 2118 679 2181 Columellas
699 2121 838 2181 auctoris.
878 2119 1033 2182 evincendi
1051 2121 1123 2178 aunt
1132 2123 1169 2178 21

105 2206 246 2282 quamvis
269 2206 405 2284 pestiferi
427 2207 524 2268 morbi
543 2211 574 2268 et
591 2209 747 2286 exquisitis
765 2209 904 2270 remediis
924 2207 1122 2287 propulsandi

104 2296 186 2354 sunt.
232 2296 356 2372 panacis
384 2299 415 2357 et
441 2297 558 2376 eryngii
583 2299 698 2359 radices
725 2298 849 2358 feniculi
877 2298 1039 2358 seminibus
1066 2296 1121 2357 mi·

104 2383 232 2444 scendae
251 2387 282 2444 et
300 2403 370 2445 cum
387 2384 468 2445 fricti
487 2403 522 2446 ao
540 2387 639 2446 moliti
655 2387 751 2447 tritici
768 2387 867 2447 farina
885 2386 1025 2447 candenti
1041 2404 1122 2461 equa

59 2485 89 2528 se
105 2474 348 2552 conspergendae
371 2491 466 2551 eoque
489 2475 684 2535 medicamine
712 2475 901 2535 salivandum
928 2475 974 2532 est
997 2491 1122 2550 aegrum

103 2579 206 2638 pecus.
247 2564 315 2622 tuni
331 2561 455 2638 paribus
474 2563 571 2623 casiae
594 2581 774 2640 murraeque
793 2564 824 2621 et
845 2560 922 2620 turis
940 2560 1121 2636 ponderibus

104 2669 142 2710 ac
164 2651 343 2710 tantundem
367 2651 522 2730 sanguinis
541 2651 674 2710 marinae
694 2649 855 2710 testudinis
872 2649 1016 2709 miscetur
1037 2648 1121 2725 potio

104 2757 177 2798 cum
212 2739 275 2799 vini
311 2740 422 2800 veteris
459 2741 565 2798 sextat.
593 2739 641 2798 III
672 2742 703 2801 et
733 2739 778 2799 ita
811 2758 865 2816 per
902 2755 989 2798 nares
1021 2737 1121 2797 infun·

104 2827 197 2886 ditur.
244 2828 296 2888 sed
318 2829 418 2905 ipsum
440 2827 692 2889 medicamentum
718 2827 858 2907 ponderis
885 2828 1055 2890 sescunciae
1078 2828 1122 2888 di·

60 2930 90 2970 80
104 2916 207 2977 visum
224 2916 361 2995 portione
385 2937 483 2994 aequa
500 2937 555 2996 per
571 2918 708 2978 triduum
726 2919 841 2982 dedisse
860 2921 908 2978 set
930 2918 994 2977 erit.
1036 2937 1121 2995 prae·
1132 2929 1168 2985 22

105 3023 174 3064 sens
194 3005 286 3066 etiam
302 3006 469 3066 remedium
487 3008 681 3086 cognovimus
695 3008 856 3086 radiculae,
875 3027 968 3086 quam
985 3010 1121 3084 pastores

180 3197 197 3248 8
221 3191 341 3249 cocliare
360 3193 370 3262 ΙΙ
389 3199 422 3248 14
445 3192 499 3267 <>
523 3196 643 3250 resumit
660 3195 824 3263 Eichenfeld
841 3212 875 3252 erc
893 3195 928 3250 Η
942 3203 974 3265 po
994 3191 1094 3262 δεκαέξ
1112 3195 1122 3268 tt

107 3268 145 3318 20
162 3261 287 3319 infundis
305 3267 418 3336 scripsi:
438 3261 512 3336 ἔγχει
531 3266 565 3320 H
593 3265 674 3321 dabis
693 3265 789 3322 Surcb.
804 3269 814 3338 ΙΙ
827 3271 860 3320 21
886 3265 1053 3321 columellae
1077 3267 1121 3336 (iu

107 3337 236 3458 mospius
252 3338 357 3405 repetit.
377 3337 488 3408 lepitur)
503 3339 513 3408 fl
527 3342 560 3390 22
580 3336 699 3406 quanuis
713 3339 770 3407 1123
790 3335 903 3408 eryngii
916 3340 926 3408 ΙΙ
939 3343 974 3391 at
989 3353 1120 3407 conspar-

107 3422 164 3476 geu
185 3423 203 3461 a
219 3407 406 3473 {sulcandum
425 3407 469 3478 (iu
485 3408 610 3476 marsim
627 3409 753 3476 repetiuit
776 3407 971 3479 PolitianueNJ
989 3413 1024 3462 26
1042 3407 1118 3477 tum]

106 3479 185 3604 turpi
196 3475 252 3533 Ool.
267 3479 326 3545 (sed
339 3480 400 3534 tum
415 3479 498 3534 editio
510 3478 656 3547 Brsucbie')
673 3481 678 3547 Ι
694 3477 800 3534 cassiae
814 3493 979 3549 myrraeque
993 3481 1003 3548 ΙΙ
1016 3483 1050 3533 29
1059 3493 1116 3531 ses-

104 3565 161 3604 cun
186 3563 220 3602 ae
