2558 3894
543 97 676 204 ..¹90
721 177 765 186 -

147 409 271 469 XVIIII.
305 411 564 470 Praecantatio
588 411 632 469 ad
660 428 770 487 equos
796 409 987 471 hordiatos
1016 411 1091 472 sive
1121 413 1165 471 ad

321 500 534 578 tortionem,
557 499 710 577 Apsyrti
733 499 906 575 apopiras
931 501 990 558 ait.

81 606 138 662 2⁷3
214 624 320 700 Equus
332 624 442 683 aeluris
454 623 614 683 florinacus
625 642 711 684 orcus
722 625 866 702 cognatos
880 643 966 684 orcus
977 644 1046 684 orco
1056 625 1165 700 pedem

152 713 236 772 indit.
278 713 341 772 vidi
364 733 425 772 non
447 732 524 790 nego
548 713 654 789 pedem
678 731 754 791 orco,
779 713 805 771 si
827 713 1020 791 tortionatuS,
1045 713 1071 771 si
1094 715 1163 774 hcr-

149 803 258 879 diatuS,
273 802 299 861 si
312 803 418 881 lassus,
438 802 619 878 simmatus,
640 801 666 860 si
683 801 910 881 vermigeratuq
929 802 955 862 si
973 803 1163 882 vulneratus,
1189 818 1199 857 s

149 891 175 948 si
196 893 410 969 memoratus²
439 891 465 950 si
487 890 658 968 roboratus,
688 890 714 950 si
741 909 836 967 equus
865 911 925 950 non
952 892 1067 968 potent
1091 911 1164 951 esse.

148 978 289 1038 nocivum
303 979 375 1055 quia
389 979 476 1040 video
497 975 607 1057 arcum,
626 979 673 1037 his
692 978 873 1038 carminibus
893 980 958 1039 istis
978 981 1064 1056 equis
1086 982 1165 1042 dabo

147 1067 319 1126 remedium.
357 1069 413 1128 hoc
445 1087 565 1128 carmen
596 1069 628 1125 in
656 1086 760 1126 aurem
789 1069 924 1128 dextram
957 1089 1034 1146 equo
1068 1071 1165 1131 dices:

149 1149 255 1216 ‘semel
279 1159 378 1236 natus,
403 1159 494 1216 semel
518 1151 716 1216 remediatus'
742 1159 772 1216 et
796 1158 879 1234 spuis
907 1158 939 1216 in
968 1177 1089 1218 aurem:
1118 1180 1164 1218 re-

147 1246 293 1324 mediasti‚
319 1247 344 1304 si
366 1247 539 1322 frequenter
560 1245 770 1306 incantaveris.
1179 1265 1199 1302 10

266 1477 333 1536 ·XX.
380 1475 634 1537 PELAGONIVS
662 1475 837 1536 FALERIO
867 1476 942 1537 SVO
970 1478 1040 1536 ΑΙΤ

145 1603 194 1662 De
218 1603 331 1662 muris
356 1600 482 1662 aranei
505 1619 624 1661 morsu
646 1601 704 1660 vel
732 1601 771 1660 de
799 1620 979 1677 percussu
1007 1603 1164 1678 phalan-

381 1691 500 1769 gionis
530 1694 594 1749 aut
620 1689 766 1766 viperae
793 1708 921 1749 morsu.

80 1809 137 1865 279
213 1813 281 1871 Mus
296 1833 423 1874 araneus
446 1815 608 1890 perniciem
627 1833 719 1890 quam
741 1814 848 1874 tulerit
871 1832 925 1874 suo
949 1835 1073 1892 corpore
1092 1817 1162 1876 luit.

146 1919 218 1959 nam
240 1901 353 1959 animal
379 1902 480 1976 ipsum
508 1905 573 1962 oleo
600 1921 732 1962 mersum
758 1906 885 1962 necatur
911 1906 942 1962 et
969 1923 1039 1964 cum
1062 1905 1163 1982 impu·
1177 1921 1199 1962 u

145 1990 263 2067 truerit,
286 1989 453 2048 conteritur
479 2009 573 2066 ecque
596 1991 790 2050 medicamine
819 1993 999 2068 quandoque
1027 2013 1165 2054 morsum

146 2078 240 2138 muris
260 2078 362 2138 aranei
380 2077 498 2155 inlinis;
517 2079 566 2138 vel
585 2079 610 2137 si
628 2080 664 2138 id
673 2100 733 2141 non
752 2084 805 2160 est,
825 2082 979 2158 cyminum
992 2085 1164 2143 conteritas

146 2186 241 2242 eoque
265 2167 387 2226 additur
409 2166 552 2245 exiguum
579 2167 655 2243 picis
682 2169 816 2246 liquidae
838 2165 912 2250 (et)
936 2171 1101 2251 axungiae,
1126 2177 1163 2232 ut

145 2257 292 2316 lentorem
319 2257 511 2336 malagmatis
538 2256 661 2316 habeat:
690 2257 865 2335 impositum
896 2261 1060 2336 perniciem
1090 2262 1162 2322 sub-

144 2348 252 2406 movet.
267 2347 316 2406 vel
331 2346 356 2406 si
370 2349 533 2423 autequam
543 2348 645 2406 tumor
656 2345 845 2427 discutiatur,
860 2349 892 2408 iu
907 2350 1162 2427 suppurationem
1174 2366 1197 2406 sc

145 2436 337 2514 converterit,
362 2437 511 2514 optimum
533 2438 579 2495 est
602 2436 691 2514 ignea
709 2437 822 2496 lamina
841 2439 1001 2499 collectum
1023 2457 1161 2506 resecare

144 2528 174 2584 et
198 2527 341 2603 quicquid
368 2526 471 2588 vitiosi
498 2529 544 2586 est
570 2525 689 2586 inurere
718 2529 809 2602 atque
841 2527 907 2602 pice
938 2527 1057 2604 liquida
1091 2548 1162 2589 cum

144 2615 208 2675 oleo
231 2617 326 2677 linire.

79 2695 136 2751 280
211 2705 268 2763 Est
291 2705 383 2765 etiam
405 2722 545 2780 praeseus
567 2703 741 2782 remedium
764 2723 802 2763 ne
826 2723 921 2781 equus
941 2724 1043 2765 morsu
1061 2707 1159 2766 muris

145 2793 247 2849 aranei
270 2793 471 2869 contingatur.
510 2791 622 2850 animal
644 2793 748 2852 vivum
771 2795 853 2852 creta
880 2794 1002 2872 figulari
1029 2795 1158 2856 circum·
1171 2808 1194 2848 2⁵

145 2878 243 2954 datur,
268 2898 344 2954 quae
368 2897 438 2937 cum
455 2879 633 2959 induruerit,
657 2881 733 2941 collo
752 2883 867 2957 pecoris
887 2883 1090 2960 suspenditur.
1122 2904 1159 2944 ea

144 2984 191 3024 res
214 2967 370 3026 innoxium
392 2986 483 3043 pecus
507 2988 525 3026 a
548 2987 650 3028 morsu
672 2970 767 3029 muris
791 2973 893 3032 aranei
916 2973 1046 3049 praebet.

76 3047 132 3103 281
209 3056 287 3114 Item
310 3056 349 3114 ad
370 3074 504 3115 morsum
527 3057 621 3116 muris
645 3060 754 3120 aranei.
792 3079 859 3120 mus
888 3077 1015 3121 araneus
1039 3065 1156 3138 quanto

212 3231 226 3279 1
246 3225 420 3294 precantatio
434 3228 443 3296 ΙΙ
457 3232 473 3282 2
493 3226 599 3295 absyrti
612 3230 622 3299 ΙΙ
635 3233 653 3283 4
667 3233 703 3284 nd
717 3245 789 3299 nego
805 3233 810 3300 Ι
827 3230 952 3286 ordiatue
966 3233 976 3301 fl
990 3238 1006 3286 7
1020 3231 1153 3287 nocivum

140 3294 207 3361 quia
225 3295 284 3350 vidi
302 3299 354 3366 (cel
371 3297 464 3366 video)
483 3315 579 3352 orcum
597 3298 642 3354 hie
660 3300 809 3355 Buecheler
828 3301 903 3356 Mus.
921 3301 1008 3357 Rhea.
1023 3306 1068 3370 45,
1084 3306 1154 3358 333:

140 3366 254 3421 Noctua
273 3369 339 3435 quia
348 3366 447 3422 uideor
456 3374 490 3423 cu
501 3368 535 3423 iis
550 3369 578 3424 R
592 3371 601 3438 ΙΙ
616 3369 863 3440 12palengi0nis11
878 3378 909 3425 13
920 3371 1017 3442 uipera
1031 3375 1041 3442 ΙΙ
1055 3379 1088 3427 16
1099 3373 1151 3425 im·

139 3436 284 3564 puignterit
297 3439 306 3508 ΙΙ
321 3444 354 3493 18
373 3436 508 3507 liquiden
532 3445 567 3493 24
586 3455 701 3508 presens
723 3441 732 3508 11
755 3444 789 3494 25
808 3441 987 3498 circundatur
1005 3459 1058 3511 que
1082 3445 1092 3512 ΙΙ
1115 3448 1150 3497 27

139 3524 188 3574 pre
211 3524 225 3563 e
