2554 3900
572 122 789 186 ,16-

173 292 211 349 ab
234 307 259 346 a.
281 279 391 364 370¹),
415 285 582 345 consularis
605 286 656 345 vir
678 284 758 344 idem
780 285 909 344 iudicari
931 288 1034 362 potest
1056 288 1113 364 qui
1133 289 1192 348 sub

172 376 371 437 Constantino
402 378 552 435 corrector
585 374 705 434 Siciliae
735 374 803 433 fuit.
848 393 866 432 a
898 375 1050 435 consulari
1083 381 1194 438 autem

171 485 231 526 non
255 465 407 526 diversum
430 482 494 523 esse
518 463 677 542 Pelagonii
699 462 830 524 amicum
853 464 980 523 eundem
1002 464 1104 525 virum
1129 468 1192 526 cla·

170 546 355 636 rissimum²)
373 554 434 612 iam
452 553 637 632 Borghesius
655 553 766 612 statuit
783 571 880 629 nequo
898 556 1005 629 postea
1024 554 1192 632 quisquam

171 643 329 704 oblocutus
360 633 449 723 esst).
494 643 531 701 de
562 641 669 702 ceteris
700 642 810 717 quibus
840 659 927 700 curas
959 642 1190 721 medicinasqne

171 732 356 808 conscriptas
379 731 508 792 tradidit
530 731 727 810 Pelagoniae,
751 721 940 810 restaret),
967 731 1101 811 Falerio,
1132 734 1190 793 Pa-

169 822 273 899 piano,
297 813 462 903 Lucilio⁶),
486 820 624 898 Astyria,
647 820 725 878 nihil
747 818 822 879 certi
845 819 994 879 traditum
1017 824 1070 880 est.
1117 842 1190 898 pro-

170 911 268 970 babile
282 914 384 971 tamen
403 912 480 970 duco
499 929 569 969 cum
586 909 753 987 Borghesio
771 907 930 983 Astyr-ium
949 908 1013 971 sive
1026 908 1189 970 Asterium

169 999 269 1077 gentis
298 1001 425 1060 anciae
452 1000 559 1077 fuisse,
588 1000 716 1058 fortasse
744 997 777 1056 L.
802 997 946 1057 'lurcium
973 996 1189 1074 Apronianum

168 1089 324 1148 Asterium
350 1091 538 1166 praefectum
565 1088 649 1146 urbis
677 1107 702 1146 a.
723 1089 801 1164 363,
829 1086 869 1144 ad
895 1106 986 1163 quem
1015 1088 1116 1147 edicta
1140 1108 1188 1148 re·

168 1179 308 1238 feruntur
336 1180 371 1238 de
398 1179 558 1255 pecoribus
586 1176 749 1237 vendendis
778 1178 809 1234 et
836 1175 872 1233 de
901 1175 1011 1235 suariis
1039 1175 1121 1235 CIL.
1142 1177 1188 1236 VI

171 1269 265 1328 1770.
292 1271 330 1329 17
336 1259 419 1349 71⁶).
457 1286 534 1344 quae
553 1265 655 1333 omnia
678 1264 845 1342 generatim
868 1264 1028 1342 Pelagonii
1050 1268 1188 1325 aetatem

167 1357 357 1433 confirmant,
390 1356 543 1431 scripsisse
576 1374 645 1413 eum
675 1355 746 1429 post
777 1353 910 1412 medium
943 1354 1099 1413 saeculum
1130 1355 1187 1433 Iv,

166 1465 265 1523 neque
288 1448 391 1504 tamen
414 1444 572 1503 certiorem
594 1441 739 1518 temporis
763 1442 968 1501 definitionem
989 1443 1186 1519 permittunt.

165 1539 287 1611 praeter
308 1534 478 1610 Apsyrtum
497 1552 513 1592 e
533 1532 655 1593 Graecis
674 1531 871 1608 scriptoribus
889 1532 1018 1590 maxime
1042 1533 1186 1594 adhibuit

165 1623 337 1702 Emnelum,
353 1623 410 1683 etsi
424 1641 575 1701 nusquam
588 1613 765 1704 nominatl).
789 1622 944 1680 auctorem
953 1621 1185 1698 philograecum

165 1731 226 1770 non
256 1732 355 1789 pauca
387 1712 535 1773 vocabula
568 1710 682 1772 Graeca
714 1712 935 1787 demonstrant,
973 1710 1077 1787 qualia
1110 1715 1184 1771 sunt

238 1934 265 2001 1)
284 1930 474 1987 Mommsenne
492 1934 567 2002 apud
581 1934 792 1989 Lachmannum
811 1933 936 1988 Gromat.
955 1931 1016 1988 Lat
1030 1932 1056 1987 ll
1075 1951 1103 2002 p.
1119 1938 1183 1988 207.

237 2007 264 2070 2)
283 2003 319 2057 cf.
340 2001 421 2070 epist.
441 2009 633 2073 coateatusque
651 2021 711 2059 sum
728 2021 768 2059 rae
786 2021 820 2059 aa
837 2011 889 2059 tua
906 2005 1032 2059 claritate
1050 2006 1155 2072 florere.

236 2076 265 2143 3)
284 2072 318 2127 cf.
339 2073 435 2144 Pelag.
454 2080 502 2129 at:
527 2076 607 2130 aliud
625 2077 698 2144 quod
716 2075 793 2144 apud
814 2075 915 2130 Tuscos
934 2082 1069 2132 amatores
1087 2081 1181 2132 astur·

164 2161 262 2200 acaum
279 2160 327 2214 epo
346 2145 443 2200 didici.
481 2146 664 2214 Araygn'orum
683 2148 860 2216 epigramma
881 2146 912 2200 in
931 2147 992 2201 basi
1011 2148 1118 2202 Romae
1137 2166 1182 2203 re-

164 2216 247 2340 garta
269 2215 405 2284 scriptum
430 2215 521 2271 edidit
546 2217 669 2272 Huclsen
694 2218 712 2274 l.
732 2236 755 2273 c.
779 2238 806 2288 p.
826 2223 878 2273 496
902 2218 947 2288 (=
965 2217 1068 2273 Kaibel
1091 2218 1180 2275 lnacr.

188 2302 286 2342 raecae
304 2304 332 2341 n.
352 2292 428 2342 968a
445 2286 573 2344 Addend.
591 2307 619 2358 p.
634 2291 704 2358 696).

235 2361 263 2427 4)
281 2357 326 2412 Ad
339 2359 415 2414 hunc
428 2357 565 2429 plurimas
583 2358 663 2414 misit
677 2360 813 2432 epistulas
828 2361 865 2430 (r.
880 2360 958 2426 ind).
987 2377 1021 2416 ex
1036 2376 1097 2430 cap.
1112 2360 1180 2416 XIV

163 2428 324 2501 colligimus
338 2428 524 2501 Pelagoniam
537 2449 593 2487 non
611 2432 695 2486 modo
711 2433 789 2502 equis
805 2430 889 2486 amici
903 2430 952 2486 sed
966 2430 1030 2500 ipso
1044 2431 1177 2488 Vestiano

1264 1627 1266 1752 l

161 2502 222 2557 viro
241 2501 400 2558 clarissimo
420 2507 483 2574 (216
504 2503 675 2574 ‘congruum
693 2507 749 2571 est,
773 2505 806 2557 ut
824 2504 859 2557 de
877 2502 982 2557 lumbis
1001 2503 1031 2557 et
1048 2505 1084 2557 de
1102 2504 1178 2558 reni·
1261 2503 1262 2520 ¹

162 2574 213 2628 bus
237 2576 315 2646 apud
338 2576 491 2630 claritatem
513 2581 591 2632 taam
613 2592 704 2645 pauca
722 2574 877 2644 dicamus')
900 2573 1014 2628 renibus
1038 2573 1178 2631 dissoluto

160 2644 316 2701 medicinas
334 2645 506 2715 praebuisse.

233 2717 259 2785 6)
284 2717 414 2770 Fortasse
432 2716 509 2770 idem
528 2719 573 2770 est
591 2717 720 2772 Lucilius
739 2716 917 2772 Constantius
935 2733 959 2772 v.
979 2733 1001 2772 c.
1020 2719 1177 2773 consulares

164 2785 281 2866 Tusciae
295 2791 321 2839 et
338 2785 467 2880 Vmbriae
485 2785 563 2840 tituli
576 2787 712 2842 Lunensis
726 2804 816 2856 nuper
834 2787 952 2858 reperti,
970 2787 1081 2843 Notizie
1097 2788 1176 2860 degli

160 2859 527 2996 aasumreggngfiggzenus
545 2928 583 2982 ad
601 2927 677 2983 CIL.
695 2928 735 2982 VI
756 2935 833 2984 1773.
849 2935 918 2984 1773
934 2930 1053 2984 adnotat
1070 2929 1175 2986 Valen-

159 2998 299 3052 tinianum
314 2999 344 3050 et
358 2997 508 3051 Valentem
522 2997 709 3053 rescribentes
724 2999 760 3053 ad
773 3000 983 3056 Praetextatum
997 3001 1175 3070 praefectum
1259 2989 1260 3005 ¹

159 3068 236 3124 urbis
259 3084 283 3122 a.
304 3066 418 3138 367l368
439 3066 506 3124 Ood.
525 3067 632 3123 Theod.
652 3076 699 3139 14,
718 3077 748 3139 4,
767 3076 784 3124 4
813 3074 912 3142 quibus
938 3075 970 3127 ia
997 3074 1078 3128 rebus
1100 3076 1175 3132 illud

158 3155 263 3209 quoque
288 3155 306 3192 a
331 3139 465 3194 decessore
489 3145 537 3195 tuo
562 3141 710 3198 salubriter
732 3145 890 3199 institutum
912 3151 963 3211 est,
991 3161 1043 3214 auc
1066 3149 1174 3202 suariis

157 3209 326 3265 aestimaudi
344 3211 456 3265 licentia
474 3212 620 3282 denegetur
638 3230 660 3270 e.
682 3231 708 3283 q.
728 3234 749 3272 s.
783 3214 870 3270 edicti
887 3234 917 3271 n.
938 3220 1008 3270 1770
1031 3217 1074 3270 ita
1092 3234 1173 3273 men-

157 3280 263 3335 tionem
281 3281 374 3335 faeere
398 3286 430 3336 ut
452 3281 482 3336 id
505 3283 602 3352 paucis
622 3285 702 3339 annis
726 3289 792 3342 ante
810 3287 916 3341 tactum
940 3303 1000 3342 esee
1021 3291 1172 3358 appareat;

157 3368 185 3404 n.
200 3356 269 3406 1771
289 3352 384 3407 auum
398 3352 522 3409 eiusdem
538 3371 598 3411 esse
611 3357 749 3427 praefecti
767 3373 800 3413 ac
817 3363 884 3413 1770
904 3359 1090 3415 similitudine
1104 3377 1172 3430 pro-

156 3421 217 3477 bari
236 3422 404 3492 argumenti

230 3497 257 3562 7)
278 3493 349 3551 Vide
369 3498 518 3553 comment.
538 3514 561 3554 e.
581 3516 621 3568 gr.
641 3504 678 3557 ad
698 3506 757 3555 171.
778 3506 837 3555 193.
857 3506 910 3555 204
920 3518 961 3571 sq.
981 3503 1034 3557 cet.
