2554 3900
513 149 728 214 ..33-

180 315 286 374 Talem
308 316 412 373 autem
439 331 552 389 equum
579 313 634 372 aut
659 331 832 389 comparare
861 316 916 373 aut
939 334 955 374 e
983 315 1155 394 gregibus2
1262 339 1264 346 >

108 404 223 484 eligere
236 403 423 480 philocalum
441 401 596 462 dominum
614 401 761 480 convenit,
779 404 817 461 ut
834 401 876 461 sit
894 403 1002 482 exiguo
1016 405 1124 485 capite,

109 493 208 572 nigris
222 492 325 570 oculis,
339 490 463 550 naribus
476 485 619 569 <apertis
631 490 772 551 brevibus
786 487 933 572 auribus)
947 495 978 552 et
992 494 1125 573 arrectis,

110 581 228 643 cervice
245 581 331 642 molli
349 581 473 656 lataque
487 598 541 640 neo
555 580 655 658 longa,
675 579 767 639 densa
783 580 857 639 iuba
875 584 906 640 et
921 601 976 658 per
989 581 1125 643 dextram
1236 588 1242 602 '

79 690 95 732 s
111 673 232 748 partem
244 670 378 747 profusa,
401 669 464 728 lato
483 671 515 728 et
531 687 689 728 numeroso
703 671 831 747 pectore,
850 670 1014 747 grandibus
1033 673 1126 731 armis

111 763 144 820 et
161 759 259 837 rectis,
277 758 423 818 musculis
440 757 473 815 in
491 759 557 818 toto
580 776 702 833 corpore
716 757 897 837 extantibus,
915 759 1061 819 lateribus
1079 761 1124 820 in·

110 848 204 926 flexis,
228 847 315 925 spina
337 846 460 925 duplici,
482 847 586 906 ventre
607 845 778 926 substricto,
801 847 929 907 testibus
952 849 1075 925 peribus
1094 854 1126 910 et

111 937 238 1016 exiguis,
261 935 332 995 latis
350 934 462 995 lumbis
484 937 516 994 et
533 934 765 1014 subsidentibus,
788 936 886 996 cauda
905 937 997 1016 longa
1016 941 1047 998 et
1064 958 1125 1000 non

111 1029 212 1086 setosa
235 1025 308 1101 quia
330 1024 462 1103 abdecet,
484 1023 575 1084 rectis
593 1023 737 1102 cruribus,
761 1026 850 1085 tereti
872 1045 953 1104 genu
970 1046 1125 1104 parvoque

66 1136 96 1177 ro
110 1133 209 1192 neque
231 1114 381 1174 introsum
410 1114 576 1192 spectante,
604 1112 743 1172 clunibus
770 1117 802 1173 et
828 1114 992 1175 femoribus
1015 1117 1124 1178 torosis

111 1223 147 1264 ao
169 1203 345 1280 numerosis,
367 1201 492 1281 ungulis
514 1202 609 1280 nigris
632 1204 664 1262 et
686 1202 756 1261 altis
784 1206 815 1262 et
837 1203 989 1274 concavis,
1013 1205 1124 1281 quibus

111 1311 238 1354 coronae
273 1291 437 1352 mediocres
473 1291 722 1367 superimpositae
760 1292 827 1352 sint.
875 1293 917 1352 sic
948 1293 1125 1354 universum

110 1398 220 1458 corpus
238 1379 447 1460 compositum,
469 1381 506 1438 ut
524 1379 565 1439 sit
582 1381 704 1459 grande,
723 1380 859 1460 sublime,
878 1383 1019 1460 erectum,
1042 1383 1123 1461 agile

111 1470 150 1530 ab
174 1472 298 1546 aspectu
326 1487 447 1546 quoque
474 1471 506 1527 et
528 1463 607 1548 (ex)
632 1469 736 1549 longo,
760 1472 910 1546 quantum
935 1469 1035 1548 figure
1056 1491 1124 1548 per·

66 1558 215 1638 remittit,
237 1558 410 1619 rotundum.

177 1648 276 1708 Mores
299 1649 402 1707 autem
423 1645 597 1724 laudantur,
622 1645 675 1722 qui
693 1647 765 1705 sunt
783 1665 819 1706 ex
841 1646 959 1722 placido
979 1647 1151 1708 concitatit

111 1739 143 1797 et
165 1755 202 1796 ex
223 1735 373 1797 concitato
396 1734 557 1794 mitissimi.
594 1729 688 1812 <nam
709 1729 764 1813 hi>
787 1736 818 1793 et
845 1734 884 1794 ad
911 1735 1055 1813 obsequia
1076 1757 1123 1798 re·

110 1825 271 1903 periuntur
282 1824 398 1885 habiles
411 1825 443 1884 et
457 1824 496 1883 ad
513 1822 678 1883 certamina
692 1822 884 1901 laboremque
898 1826 1122 1902 promptissimi.

111 1914 138 1974 si
159 1914 293 1975 volueris
316 1914 399 1993 scire,
423 1931 463 1972 an
486 1911 680 1972 admissarius
703 1911 789 1972 utilis
811 1917 990 1993 progeneret
1010 1918 1061 1976 vel
1084 1935 1124 1976 an

66 2023 96 2065 so
111 2022 180 2064 vere
209 2005 399 2082 progeneret,
430 2019 530 2062 semen
557 2001 621 2061 eius
652 2001 747 2080 digito
775 2005 948 2063 contactum
974 2006 1011 2063 ut
1037 2003 1124 2064 filum

110 2091 227 2152 ducito:
242 2091 363 2168 quodsi
377 2090 603 2168 aliquantulum
618 2090 772 2150 duraverit
785 2091 1002 2172 incorruptum,
1015 2094 1124 2153 utilem

111 2180 322 2241 admissarium
334 2179 527 2257 Hipparchus
542 2179 713 2257 adseverat3
728 2180 754 2238 si
768 2181 872 2240 statim
886 2180 980 2241 hierit
997 2185 1124 2259 ruptum

110 2271 160 2331 vel
180 2289 242 2331 non
258 2269 429 2329 utriscum
447 2268 543 2346 digito
565 2269 704 2348 haeserit,
726 2268 865 2329 inutilem
888 2269 1014 2330 dicimus
1036 2270 1125 2330 mini-

109 2377 218 2436 meque
241 2357 468 2418 admittendum.

69 2574 96 2616 as
394 2552 417 2611 I.
445 2551 499 2610 Ad
521 2551 682 2612 morbum
704 2568 846 2608 omnem.

372 2671 628 2736 PELAGONIVS
660 2669 860 2732 rusciano

173 2801 348 2881 Oongruum
374 2803 421 2860 est
447 2799 540 2858 etiam
570 2797 734 2858 medicinas
762 2800 818 2856 aut
844 2796 982 2874 potiones
1010 2798 1149 2876 quibust

109 2889 207 2951 morbi
224 2890 422 2967 expellantur,
441 2887 600 2947 addiscam.
632 2885 752 2948 morbos
769 2887 948 2965 plerumque
963 2888 1034 2965 equi
1052 2909 1122 2949 cou-

109 2978 227 3056 cipiunt
254 2980 310 3039 aut
336 2976 516 3038 lassitudine
545 2979 600 3036 aut
627 2979 714 3036 aestu
742 2978 797 3036 aut
824 2976 937 3055 frigore
965 2979 1019 3036 aut
1041 2977 1122 3038 fame

182 3172 199 3221 2
221 3167 363 3223 filocalum
381 3165 391 3233 Ι
409 3169 425 3219 0
449 3161 510 3289 <bg
529 3163 639 3219 restitui
660 3179 694 3218 ea
713 3163 816 3218 Oetam.
835 3162 903 3232 04
894 3180 961 3218 mua
973 3167 1011 3234 l⁶
1031 3163 1123 3236 roaolt

441 3251 459 3289 a

111 3237 278 3293 emascnlis
291 3241 372 3308 {tq
375 3235 423 3290 uia
498 3233 582 3360 eset,
595 3250 681 3302 quam
704 3235 823 3288 addecet
840 3232 992 3291 Sorcbr'cm'
1004 3236 1014 3306 Ι
1029 3233 1087 3288 10
1078 3251 1123 3289 ιιι·

109 3311 215 3366 trorum
232 3307 399 3380 expectante
412 3307 422 3376 Ι
436 3311 470 3360 12
494 3320 535 3360 ere
580 3305 677 3360 clama
696 3303 734 3359 eit
756 3304 784 3360 R
797 3308 807 3373 Ι
821 3309 855 3359 10
879 3306 1059 3388 concitatis!
1088 3309 1132 3360 1?

109 3397 175 3435 nam
197 3381 228 3434 hi
252 3381 352 3437 addidi
369 3395 402 3436 aa
426 3376 529 3458 coram,
556 3377 561 3446 Ι
583 3373 781 3456 repperiuntur
798 3380 855 3447 119
875 3375 959 3432 utiles
978 3380 1100 3447 prognes
1113 3375 1123 3448 ΙΙ

110 3456 146 3507 00
171 3455 380 3523 proghet121
407 3445 531 3520 quodsi
559 3447 672 3518 scripsi.
694 3445 744 3516 qni
771 3450 837 3519 100
860 3447 904 3503 uis
922 3453 956 3504 eh
980 3451 1061 3519 (con
1090 3448 1124 3501 s'o

109 3523 208 3594 usurp)

163 3621 221 3673 In,
234 3621 289 3662 Pele
290 3620 373 3672 genius
345 3631 381 3662 us.
895 3611 911 3658 3
