2554 3900
501 115 719 181 ..47-

101 298 216 358 aquam
240 280 371 339 mulsam
393 278 485 340 facito
514 279 550 339 de
577 279 675 340 mellis
704 279 822 356 cyathis
840 280 900 359 III,
922 281 1035 359 piperis
1058 282 1121 342 albi

103 391 133 447 p.
153 369 181 448 I,
214 367 293 430 croci
320 368 421 448 scrip,
445 368 507 444 apii
540 367 661 429 seminis
686 369 772 446 scrip.
796 369 841 429 II:
869 370 943 430 haee
973 371 1120 432 conterite

102 461 136 519 et
159 457 231 518 dato
253 477 308 535 per
330 475 371 518 os.

169 546 218 606 Ad
250 545 359 623 capitis
391 545 611 624 purgationem.
662 547 778 606 malum
810 549 949 608 terrestre
981 549 1058 628 legis
1089 541 1169 610 et52

70 656 84 696 a
100 635 190 696 findis
209 635 241 694 in
259 635 372 695 multas
391 637 493 710 partes
512 636 543 695 et
561 638 666 695 contra
684 637 778 696 solem
796 636 901 696 autin
916 637 1006 698 furno
1025 637 1119 698 siccas

100 728 133 785 et
155 724 259 784 tundis
281 724 314 783 in
340 723 404 800 pilo
431 743 598 784 marmoreo
627 723 788 803 diligenter
815 728 846 784 et
873 725 968 786 cernis
997 725 1118 788 atinde

99 816 195 890 caput
216 830 338 892 purgas.

168 903 246 961 Item
274 901 365 962 aliud
408 900 539 961 farinam
569 901 761 962 hordeaciam
792 918 861 963 cum
889 905 1034 983 pastillis,
1063 905 1117 981 qui
1129 913 1168 970 58

99 990 298 1069 suprascripti
321 992 401 1068 sunt,
424 1009 478 1067 per
501 992 660 1069 aestatem,
684 991 710 1050 si
737 1010 791 1068 per
818 991 958 1071 hiemem,
982 1012 1052 1054 cum
1073 994 1119 1053 ia·

55 1102 83 1142 ro
97 1081 167 1140 rina
193 1079 313 1139 triticea
336 1078 439 1139 eodem
461 1079 549 1140 modo
573 1079 665 1139 dabis.

167 1169 246 1228 Item
269 1167 296 1227 si
323 1186 410 1228 aures
439 1167 603 1247 doluerint,
631 1169 808 1248 diligentius
835 1174 954 1249 curato,
983 1190 1020 1231 ne
1043 1165 1167 1250 <in>54

100 1257 253 1318 insaniam
275 1259 476 1318 convertatur.
510 1259 579 1317 ante
604 1258 705 1317 omnia
728 1258 817 1319 debes
845 1258 1006 1337 diligenter
1029 1277 1117 1320 aures

100 1365 242 1426 purgare,
265 1365 302 1405 ne
326 1345 400 1422 quid
422 1344 602 1407 intrinsecus
623 1347 671 1425 sit,
695 1346 777 1424 quod
799 1350 856 1407 aut
874 1347 1007 1408 dolorem
1023 1347 1117 1407 faciat

102 1438 159 1496 aut
180 1434 290 1494 laedat.
328 1435 354 1493 si
376 1434 453 1494 nihil
475 1435 584 1495 horam
605 1435 693 1514 inest,
717 1437 876 1515 spongiam
897 1436 1019 1497 mollem
1037 1435 1117 1497 nitro

55 1544 84 1585 15
100 1527 133 1584 et
156 1543 237 1601 aqua
258 1526 441 1584 maceratam
468 1524 500 1582 in
528 1524 697 1585 auriculam
727 1523 842 1585 mittito
875 1526 907 1584 et
937 1543 1000 1583 una
1031 1528 1118 1585 nocte

100 1613 207 1674 eadem
229 1613 356 1691 spongia
379 1613 411 1672 in
435 1613 573 1673 auricula
590 1615 768 1690 perseveret.
805 1614 925 1689 postero
949 1612 997 1672 die
1015 1613 1118 1674 foveto

101 1722 208 1762 aurem
230 1701 310 1762 nitro
334 1704 364 1761 et
387 1721 468 1779 aqua
491 1701 598 1780 calida,
621 1719 718 1778 usque
741 1720 811 1761 cum
833 1701 919 1762 dolor
936 1701 1083 1762 elimetur.

170 1791 247 1850 Item
270 1790 297 1849 si
320 1809 400 1867 aqua
423 1790 518 1850 fuerit
543 1789 576 1848 in
604 1809 708 1850 aurem
731 1789 878 1870 ingressa,
909 1792 1009 1852 oleum
1031 1793 1167 1859 vetus55

100 1882 134 1940 et
167 1882 287 1940 acetum
318 1879 422 1956 aequis
459 1877 641 1956 ponderibus
674 1879 790 1941 adiecto
828 1879 909 1942 nitro
944 1880 976 1942 in
1015 1901 1119 1942 aurem

54 1989 83 2029 ac
98 1968 217 2029 mittito
241 1970 272 2028 et
293 1968 396 2029 lanam
419 1967 665 2044 superimponito.
703 1969 730 2028 si
752 1970 878 2032 vulnera
898 1973 996 2049 erunt,
1019 1970 1117 2047 lipara

100 2059 256 2118 curantur.

168 2146 201 2205 Si
224 2164 319 2222 equus
349 2145 509 2224 glandulas
536 2147 678 2207 habuerit
706 2147 785 2208 inter
811 2148 963 2226 maxillae,
991 2148 1161 2212 eximitoid

97 2237 187 2296 ferro.
226 2235 252 2294 si
273 2254 391 2296 necesse
418 2235 524 2314 fuerit,
552 2239 583 2295 et
609 2236 707 2315 urite,
733 2239 838 2296 ustum
865 2238 970 2297 curato
998 2237 1060 2296 sale
1084 2239 1115 2296 et

98 2326 168 2386 oleo
191 2323 295 2384 diebus
319 2325 400 2401 octo;
429 2323 498 2384 inde
526 2325 606 2385 nitro
631 2328 662 2385 et
685 2344 765 2402 aqua
793 2325 915 2403 diluite,
945 2325 971 2383 si
1000 2325 1116 2384 nitrum

55 2431 83 2472 as
98 2433 161 2474 non
183 2413 285 2492 fuerit,
307 2412 382 2473 lotio
401 2412 498 2473 calido
523 2417 578 2473 aut
599 2413 700 2474 lixivo.
737 2417 807 2489 post
829 2414 935 2473 vinum
957 2431 1026 2472 oum
1050 2414 1115 2472 oleo

98 2505 132 2562 et
154 2501 285 2561 farinam
307 2501 344 2561 de
367 2521 437 2562 ervo
460 2502 607 2578 imponito
635 2521 689 2579 per
715 2501 864 2579 triduum,
892 2499 961 2559 inde
990 2500 1060 2559 vino
1085 2503 1116 2558 et

98 2591 200 2650 farina
222 2590 381 2650 hordeacia
404 2594 509 2651 curato
532 2609 629 2667 usque
653 2589 692 2649 ad
715 2588 884 2648 sanitatem.

169 2680 202 2740 Si
224 2679 376 2757 parotides
399 2678 541 2739 habuerit
562 2679 595 2739 in
613 2678 752 2738 saucibus
775 2678 824 2738 vel
842 2676 1001 2738 tubercula
1025 2696 1115 2755 appa·
1127 2687 1163 2744 57

97 2771 177 2847 rent,
199 2768 333 2828 fomenta
357 2767 517 2846 imponito,
540 2771 578 2827 ut
601 2771 632 2828 et
653 2769 845 2828 maturentur
873 2770 904 2826 et
933 2767 1116 2846 aperiantur,

58 2875 86 2914 ao
102 2860 135 2918 et
164 2876 234 2917 cum
266 2857 452 2936 aperuerint,
483 2857 610 2918 linteola
634 2857 754 2917 minuta
782 2876 851 2917 cum
881 2857 946 2917 oleo
974 2859 1005 2916 et
1032 2859 1117 2917 aceto

99 2947 277 3006 vulneribus
314 2946 475 3024 imponito,
507 2965 604 3024 usquc
636 2966 705 3006 cum
732 2966 810 3024 pura
842 2945 903 3005 sint
934 2948 966 3005 ct
996 2946 1116 3006 munda.

98 3036 170 3096 inde
188 3035 282 3111 Lycio
302 3039 333 3095 et
354 3035 549 3095 medicamine
568 3036 772 3112 suprascripto
796 3037 911 3112 curato,
934 3036 965 3094 et
988 3054 1057 3094 eum
1079 3036 1118 3094 ad

176 3204 368 3276 loyatIllfl
389 3203 512 3260 sinder
533 3207 578 3275 117
598 3197 694 3260 cemes
716 3205 726 3274 l
749 3201 913 3273 Spastellis
934 3205 944 3273 ῃ
969 3209 1003 3258 14
1021 3201 1115 3275 ledat!

97 3278 177 3333 nitro
205 3279 235 3331 et
262 3293 340 3346 aqua
367 3284 541 3332 maceratam
582 3273 643 3346 μέλι
670 3274 719 3330 καὶ
747 3277 842 3344 νίτρον
876 3275 925 3328 καὶ
950 3273 1027 3345 ὕδωρ
1056 3276 1119 3329 διο-

98 3345 200 3404 λιοθὲν
219 3347 255 3403 Η
264 3350 274 3418 ΙΙ
289 3354 322 3403 17
351 3347 455 3402 callida
476 3349 482 3418 Ι
507 3347 543 3402 do
556 3363 604 3403 ore
631 3347 747 3402 limetur
768 3348 778 3416 ΙΙ
801 3351 836 3400 20
865 3362 949 3416 super
970 3343 1099 3414 inponite

99 3427 136 3475 26
154 3418 244 3544 {uerbo
262 3421 271 3488 ΙΙ
290 3424 323 3474 ai
343 3419 436 3475 farina
458 3417 638 3474 hordeaciam
657 3421 718 3490 {129
737 3416 868 3488 inponite
886 3419 896 3489 l
917 3423 949 3472 81
970 3415 1098 3486 inponite

99 3497 134 3546 82
165 3491 220 3547 icio
