2558 3894
522 148 740 212 ..91-

118 314 219 376 maior
242 316 295 391 est,
319 316 406 372 tanto'
427 313 555 373 maiores
579 313 725 389 imprimit
750 329 875 390 morsus,
900 313 1014 387 quanto
1037 310 1136 370 minor

117 403 328 481 momorderit,
357 404 443 462 tanto
471 402 590 462 facilius
619 405 749 462 curatur.
791 401 838 460 his
866 403 969 458 autem
997 399 1134 460 omnibus

117 493 206 569 peior
236 494 282 550 cst
307 510 424 552 morsus
454 491 648 569 praegnantis
676 491 770 550 muris
803 494 835 550 et
865 489 1042 549 manifestus
1076 492 1134 566 est3

118 581 175 658 qui
198 583 300 639 tamen
322 580 410 640 facile
433 580 661 659 intelleguntur,
685 581 710 638 si
728 579 825 639 maior
841 581 944 639 tumor
962 579 993 637 in
1012 597 1134 654 corpore

86 670 193 746 sequi
216 671 367 745 appareat.
404 669 461 728 hoc
483 669 572 728 modo
596 668 830 729 succurrendum
852 686 915 728 esse
934 668 1134 728 certissimum

117 762 180 818 est:
206 758 265 817 alio
290 757 362 817 trito
387 776 456 816 oum
478 757 558 817 nitro
582 761 649 836 aut,
673 759 699 817 si
721 757 836 816 nitrum
858 777 919 816 non
941 758 1047 834 fuerIt,
1071 759 1133 818 sale

117 851 151 907 et
184 846 301 922 cymino
334 849 466 906 tumores
497 849 528 906 et
555 865 672 907 morsus
700 847 919 923 suprascriptos
947 847 1132 907 confricabis.

115 937 145 995 si
162 938 266 994 autem
284 938 416 994 tumores
435 935 605 1012 irruperint
622 937 757 1014 uulnera,
776 955 867 1012 posca
886 936 990 995 eadem
1007 938 1133 996 vulnera

115 1025 212 1084 diluis
240 1027 270 1083 et
301 1024 446 1084 hordeum
478 1024 670 1084 combustum
698 1028 730 1086 et
758 1027 790 1085 in
820 1025 950 1085 cinerem
977 1026 1133 1085 redactum

73 1129 101 1168 ιο
116 1113 296 1174 vulneribus
321 1113 437 1190 spargis
461 1116 492 1172 et
514 1114 589 1172 nihil
613 1113 697 1174 aliud
723 1115 841 1192 feceris,
873 1115 945 1190 quia
967 1114 1064 1191 magis
1087 1115 1132 1172 in·

116 1205 260 1262 crescunt
282 1202 416 1279 vidnera,
440 1203 465 1260 si
489 1202 549 1261 alio
572 1203 767 1262 medicamine
796 1203 954 1262 curaveris.
978 1203 1132 1277 potionem

116 1311 192 1351 sane
216 1291 360 1350 anethum
382 1291 490 1350 trItum
513 1310 582 1350 cum
605 1292 704 1351 cedria
727 1295 758 1352 et
781 1311 850 1351 cum
872 1292 942 1351 vino
967 1290 1059 1348 dabis.

187 1380 265 1439 Item
297 1380 323 1438 si
360 1399 473 1455 equum
507 1380 670 1458 phalangio
707 1380 904 1459 percusserit,
937 1379 1049 1455 piperis
1078 1377 1198 1457 —,282

114 1469 255 1546 pyrethri
283 1487 366 1546 sem,
398 1487 476 1528 uvae
505 1468 658 1529 silvaticae
687 1491 743 1527 -ι
776 1470 897 1546 singula
931 1469 1033 1546 terito,
1062 1487 1131 1527 cum

71 1573 97 1613 15
112 1558 188 1618 vino
212 1557 350 1617 faucibus
373 1557 531 1616 infundite.

184 1647 263 1705 Item
286 1647 311 1706 si
333 1644 437 1722 vipera
461 1649 515 1704 aut
542 1645 705 1723 phalangio
734 1647 788 1703 aut
815 1661 882 1703 mus
910 1663 1038 1704 araneus
1066 1664 1127 1703 mo·
1141 1633 1198 1689 983
1266 1637 1267 1642 ’

111 1735 269 1813 mordent,
292 1736 414 1811 prodest
436 1737 548 1793 terram
575 1734 769 1794 formicarum
796 1753 866 1793 cum
892 1733 963 1794 vinc
991 1733 1130 1794 faucibus

111 1824 274 1882 infundere
297 1826 352 1882 aut
374 1824 441 1900 ipsa
463 1825 589 1882 vulnera
612 1823 794 1882 confricare..
822 1823 873 1882 sed
896 1825 926 1884 et
948 1824 1040 1883 verba
1061 1823 1130 1883 reli-

114 1913 205 1992 giosa
228 1933 288 1973 non
311 1912 416 1972 desint.
453 1932 525 1971 nam
544 1913 596 1972 Sol
614 1911 808 1988 peculiariter
826 1913 964 1972 dominus
983 1933 1131 1990 equorum

72 2017 97 2056 ac
111 2003 274 2062 invocatus
298 2001 336 2060 ad
358 2002 505 2061 medelam
528 2000 620 2061 adest.
658 2021 749 2078 quem
770 2003 826 2062 hoc
849 2002 950 2081 modo,
974 2022 1044 2063 cum
1071 2007 1129 2061 ter-

110 2111 182 2150 ram
205 2092 359 2166 talparum
382 2090 513 2166 coeperis
536 2092 650 2168 tollere,
674 2091 839 2151 invocabis:
862 2092 934 2169 ictu,
959 2091 1011 2151 Sol
1030 2093 1129 2153 divine

112 2179 212 2240 calide
237 2182 267 2238 et
289 2179 410 2257 frigide,
438 2181 560 2238 tantum
586 2180 661 2240 mihi
689 2181 875 2240 abalienasti.
913 2180 969 2240 hoc
996 2181 1075 2242 dices
1099 2185 1129 2242 et

112 2267 354 2345 suprascriptam
376 2268 523 2327 medelam
546 2268 684 2328 faucibus
707 2270 839 2329 infunde.

182 2357 261 2416 Item
280 2357 305 2416 si
324 2377 436 2434 equum
454 2358 486 2415 in
504 2357 619 2436 itinere,
638 2358 692 2416 ubi
707 2358 816 2417 desunt
830 2358 1004 2436 necessaria,
1023 2360 1127 2435 vipera
1138 2377 1195 2433 234

72 2446 309 2525 repercusserit,
342 2445 464 2522 prodest
495 2447 607 2522 piperis
639 2466 734 2523 grana
762 2446 844 2503 XXX
872 2465 941 2504 cum
968 2448 1040 2505 sext.
1064 2448 1127 2506 vini

110 2536 225 2595 veteris
252 2555 306 2612 per
335 2553 427 2595 comu
456 2535 594 2594 faucibus
623 2535 793 2610 infundere,
827 2536 882 2591 aut
913 2532 1037 2592 herbam
1059 2535 1127 2610 thy-

111 2644 199 2683 mum
222 2625 327 2683 tritam
350 2628 382 2683 et
404 2624 507 2683 datam
529 2641 599 2681 cum
620 2622 691 2681 viuo
718 2622 858 2698 prodesse
887 2620 1071 2681 adseverant.

181 2713 259 2772 Item
292 2713 317 2772 si
348 2731 415 2771 mus
448 2729 576 2772 araneus
611 2729 723 2786 equum
757 2709 962 2789 momorderit,
995 2712 1127 2772 malvam
1138 2729 1194 2787 285

112 2804 273 2862 contusam
295 2803 450 2878 imponito.

72 2904 98 2944 ³0
181 2891 260 2950 Item
283 2891 308 2949 si
332 2909 427 2967 equus
455 2894 510 2948 aut
536 2890 640 2966 vipera
669 2892 723 2948 aut
750 2890 787 2950 ab
816 2889 918 2966 aliquo
946 2891 1034 2951 noxio
1064 2893 1196 2960 ani-ass

112 2979 189 3038 mali
211 2980 304 3039 fuerit
326 2992 493 3058 percussus,
517 2979 559 3040 sic
582 2978 714 3039 curabis:
742 2979 805 3040 ervi
827 2979 958 3039 radicem
981 2982 1127 3041 conterito
1178 2971 1181 2974 ¹

188 3239 204 3291 3
223 3237 387 3308 pregnantis
401 3241 441 3308 11
459 3236 656 3306 intelliguntur
670 3239 679 3308 11
698 3243 714 3290 6
738 3236 805 3293 allio
823 3240 867 3307 18
892 3239 916 3294 si
940 3227 971 3292 a't
994 3241 1026 3294 ut
1048 3257 1127 3294 umo-

113 3327 157 3364 res
175 3308 204 3365 R
227 3312 236 3380 1
259 3317 274 3364 9
299 3308 431 3364 diluisset
452 3311 462 3378 1
485 3314 518 3362 12
546 3308 746 3376 1111111113
776 3309 923 3380 apalangio
947 3312 956 3380 1
980 3315 1013 3363 14
1046 3327 1113 3366 sem.

113 3390 146 3449 111
165 3379 211 3434 as'
226 3381 262 3436 H
294 3387 326 3449 16
347 3377 371 3436 c'
392 3382 439 3452 ΡΙΙ
455 3387 487 3435 16
502 3379 648 3450 spalangio
662 3379 672 3446 l
686 3379 897 3451 20111111111111
921 3387 953 3435 21
973 3380 1114 3448 talparum

113 3452 277 3522 ptalparum
293 3455 297 3520 Ι
314 3450 409 3525 diuina
428 3449 532 3523 callide
552 3452 581 3505 et
602 3448 705 3521 frigide
723 3452 733 3520 1
751 3456 784 3504 23
804 3451 955 3506 medelam
978 3452 987 3519 1
1010 3455 1044 3504 29
1064 3466 1127 3505 con-

113 3524 297 3591 1111111130
316 3525 366 3578 aut
383 3522 493 3594 vipera]
513 3538 551 3577 oa
570 3536 587 3574 1
604 3521 790 3593 viperarum
809 3520 891 3575 herbi
