2554 3900
542 91 758 156 „42-

140 255 233 333 diora,
257 273 311 315 nec
334 253 456 314 ducenti
478 254 655 331 obsequitur
677 254 729 314 sed
750 253 865 315 invitus
888 255 1029 334 trahitur,
1053 276 1109 317 nec
1128 276 1164 318 se

139 345 278 404 volutare
300 342 413 420 poterit
435 342 487 403 sed
509 343 541 402 in
563 344 657 403 latere
680 343 798 403 iacebit,
844 343 945 404 evenit
968 347 1073 405 autem
1096 347 1164 422 ple·

139 451 267 511 rumque
290 432 382 493 febris
406 435 461 491 aut
483 432 575 492 nimio
596 431 707 510 labore,
730 432 762 491 id
785 433 831 491 est
853 450 923 492 oum
944 451 1037 493 cursu
1055 435 1165 513 agitur

140 524 172 582 ot
197 524 267 599 post
294 539 416 581 cursum
442 541 503 581 non
529 520 768 597 competentibus
795 520 869 580 cibis
900 525 955 580 aut
982 522 1164 599 potionibus

139 613 276 687 curatum
303 613 359 669 aut
381 609 505 688 frigore,
534 629 603 670 oum
625 609 783 688 diligentia
811 628 944 688 congrue
966 612 1037 687 post
1059 612 1164 690 frigus
1191 629 1204 670 s

139 719 200 760 non
227 698 400 775 adhibetur3
430 700 485 758 aut
510 697 604 758 nimio
627 701 714 758 aestu
746 700 801 758 aut
827 698 991 778 cruditate,
1017 700 1165 778 frequen·

139 787 201 847 tius
225 789 329 847 autem
349 786 461 848 hordeo
484 807 562 847 novo
585 787 781 847 contrahitur.

91 885 130 942 84
206 876 315 937 Febres
346 878 449 936 autem
478 878 624 936 curantur
652 876 702 935 sic.
749 875 873 954 sanguis
903 875 939 936 de
969 879 1161 954 temporibus

138 963 273 1024 mittitur
296 967 327 1025 et
348 965 385 1025 <le
408 963 484 1025 facie
508 967 539 1025 et
562 965 599 1024 ab
623 965 705 1024 omni
727 964 793 1024 cibo
816 963 993 1024 abstinetur.
1035 968 1163 1027 tantum

138 1055 247 1131 potum
268 1053 473 1131 praebendum
499 1073 563 1114 esse
590 1053 679 1114 iubeo
706 1053 859 1113 moderate
887 1055 918 1114 et
944 1053 1006 1113 ulia
1033 1055 1082 1115 die
1106 1057 1160 1116 de·
1176 1074 1202 1114 ro

139 1142 275 1203 ambulet
296 1142 406 1203 sensim
425 1144 456 1202 et
474 1142 645 1202 stabuletur
666 1142 763 1202 calido
785 1143 860 1202 looo.
897 1142 924 1202 si
940 1144 1085 1220 temporis
1104 1165 1162 1222 op-

138 1232 311 1309 portunitas
328 1231 454 1310 petitur,
471 1231 571 1291 herbis
589 1230 735 1292 viridibus
753 1232 948 1290 recreandum
966 1233 1013 1292 est
1031 1252 1162 1312 aegrum

138 1340 243 1399 pecus3
275 1321 301 1381 si
328 1323 448 1397 tempus
475 1319 507 1378 in
533 1320 630 1380 hieme
658 1322 716 1398 est,
746 1319 869 1380 faenum
896 1322 926 1380 et
952 1321 1098 1381 hordeum
1127 1327 1162 1383 et

138 1409 269 1470 tisanam
286 1408 428 1488 praebere
447 1408 645 1469 utilissimum
663 1412 715 1469 est.
749 1410 926 1486 plerumque
945 1412 1049 1470 autem
1063 1411 1162 1472 etiam

138 1518 208 1560 cum
229 1520 290 1560 non
312 1497 478 1578 febricitat,
506 1498 593 1577 signa
615 1497 647 1557 in
669 1498 735 1575 ipso
759 1497 862 1557 eadem
885 1498 1031 1577 iuvenies,
1054 1499 1087 1559 id
1109 1504 1161 1562 est
1175 1517 1200 1558 rs

137 1591 297 1667 gravmam
315 1587 468 1667 cervicem,
492 1590 585 1666 eaput
603 1587 641 1647 ad
659 1589 772 1647 terram
789 1586 960 1665 demissum,
982 1588 1160 1650 recumbere

137 1676 169 1735 in
191 1678 294 1736 latere.
330 1677 478 1738 hordeum
499 1677 655 1755 praebeto:
678 1675 704 1735 si
723 1675 891 1754 adpetierit,
914 1676 978 1736 sine
998 1677 1081 1737 febre
1100 1682 1159 1739 est.

138 1763 174 1823 de
193 1763 294 1824 labore
310 1765 359 1824 vel
377 1764 414 1824 de
433 1767 574 1842 ostocopo
593 1765 669 1826 talia
687 1765 837 1824 eveniunt.
870 1765 896 1824 si
914 1767 1018 1825 autem
1034 1766 1158 1846 febriat,

137 1854 168 1911 et
189 1851 336 1911 hordeum
352 1855 473 1911 recusat
495 1856 526 1912 ct
549 1857 707 1914 anoreotus
725 1853 902 1930 plerumque
926 1855 973 1913 est
995 1857 1026 1914 et
1048 1855 1158 1936 tristis,

136 1940 235 2002 solum
257 1942 359 1999 tamen
382 1941 489 2016 potum
511 1941 652 2018 requirit;
675 1941 766 2001 febris
790 1944 893 2002 autem
914 1941 1016 2003 triduo
1040 1944 1066 2002 si
1087 1965 1156 2022 per·
1171 1963 1197 2002 eo

136 2027 326 2106 seruaverit,
348 2027 485 2088 moritur.
532 2029 585 2105 qui
608 2031 710 2088 autem
733 2034 788 2090 aut
810 2033 896 2091 tactu
919 2031 1074 2093 auriculae
1098 2038 1157 2094 aut

135 2135 229 2178 venae
259 2136 337 2194 quae
367 2116 399 2176 in
428 2117 522 2177 latere
550 2120 596 2178 est
623 2118 679 2178 sub
707 2138 837 2199 armum,
867 2121 980 2195 putent
1007 2139 1038 2181 se
1065 2141 1156 2198 posse

135 2206 312 2267 febrientem
341 2206 530 2285 intellegere,
560 2227 648 2268 verae
677 2208 804 2268 rationis
834 2209 933 2287 ignari
962 2213 1047 2288 sunt,
1080 2212 1156 2288 quia

134 2314 190 2355 neo
207 2295 371 2356 ostendunt
388 2313 419 2354 se
438 2295 475 2355 de
493 2295 577 2356 venis
594 2296 768 2376 intellegere
786 2296 970 2358 febrientem.
1004 2298 1032 2358 ei
1050 2301 1156 2360 tamen

136 2386 190 2462 qui
212 2385 248 2446 de
271 2385 373 2447 labore
395 2385 445 2445 vel
467 2386 503 2446 de
527 2388 668 2463 ostooopo
692 2386 865 2461 supradicta
892 2387 980 2466 signa
1001 2386 1153 2464 habuerit,
1168 2405 1193 2446 ss

135 2476 312 2555 sanguinem
335 2475 490 2536 detrahere
513 2474 698 2536 contrarium
720 2477 778 2552 est,
807 2475 881 2551 quia
903 2477 934 2536 et
955 2476 1057 2537 labore
1081 2478 1154 2538 futi-

134 2568 224 2643 gatus
252 2568 283 2626 et
309 2565 466 2644 sanguinis
495 2565 652 2624 emissione
682 2562 846 2623 exhaustus
875 2564 939 2624 sine
965 2565 1081 2625 viribus
1108 2566 1153 2626 fit.

133 2653 311 2714 febrientem
341 2653 539 2712 utilissimum
569 2655 614 2712 est
643 2651 838 2731 sanguinare,
871 2653 943 2729 quia
975 2656 1006 2713 et
1035 2655 1153 2716 leviora
1250 2659 1251 2682 ¹

134 2741 226 2799 sentit
253 2741 383 2816 suspiria
411 2743 442 2799 et
468 2760 562 2800 venae
592 2742 670 2800 ferro
700 2742 853 2801 relaxatae
882 2741 1033 2817 recipiunt
1060 2744 1153 2804 citius

134 2828 303 2887 sanitatem.
1164 2850 1191 2888 uo
1250 2875 1251 2900 1

85 2926 123 2980 35
200 2915 249 2974 Ac
270 2915 383 2975 febrem
406 2915 580 2974 interiorem
602 2915 833 2978 discutiendum:
860 2919 1013 2978 uacantbi
1034 2914 1056 2998 <
1068 2917 1152 3001 —>,
1250 2907 1251 2920 l

133 3003 263 3064 homins
294 3003 416 3064 seminis
442 3034 481 3045 -
505 3003 549 3083 11,
580 3005 741 3082 rossyaau
772 3007 939 3082 opums-
960 3007 1004 3087 11,
1037 3009 1152 3086 piperis
1250 2991 1251 3086 l

204 3179 221 3226 2
235 3173 389 3243 plerunque
402 3175 412 3244 n
428 3180 461 3229 10
474 3173 648 3245 prebendum
664 3177 669 3245 Ι
685 3175 731 3230 die
745 3175 943 3231 dedeumbulet
956 3179 966 3247 Ι
981 3183 1013 3232 11
1025 3179 1131 3235 callido
1145 3181 1149 3253 Ι

134 3243 337 3313 oportunitas!
358 3250 391 3299 14
410 3247 527 3315 prebere
547 3248 552 3314 Ι
572 3246 727 3316 plerunque
749 3249 759 3314 ss
780 3251 812 3301 16
840 3247 1011 3315 ᾱίωἰεωωΙΙ
1031 3255 1064 3304 17
1085 3267 1150 3319 pre-
1250 3287 1251 3296 ι

134 3315 200 3369 boto
217 3314 227 3383 l
249 3320 280 3369 19
303 3313 459 3386 plerunque
483 3322 487 3382 Ι
502 3317 599 3372 tristes
612 3319 623 3386 l
636 3322 672 3371 20
685 3317 778 3372 febres
792 3321 802 3388 ΙΙ
820 3323 853 3372 21
874 3321 983 3373 tectum
997 3322 1006 3390 ΙΙ
1020 3325 1054 3374 22
1069 3337 1125 3390 que
1139 3323 1149 3394 ll
1250 3319 1251 3326 '

133 3390 167 3440 23
181 3384 342 3456 intelligere
356 3403 422 3443 uere
435 3387 445 3456 Ι
459 3393 494 3442 24
513 3389 603 3459 uenis,
622 3393 655 3443 ut
671 3389 758 3456 fucrit
775 3392 807 3444 ia
829 3391 977 3471 archetypo
1000 3391 1074 3448 ueris
1088 3397 1099 3462 l
1113 3398 1148 3450 29

132 3458 258 3512 relaxate
276 3459 286 3528 l
304 3463 337 3512 31
356 3455 560 3528 τραγακάνθης
577 3467 611 3527 po
630 3460 698 3527 μίαν
718 3461 816 3528 111132
835 3461 982 3514 herminiis
1003 3477 1098 3516 semen
