2554 3900
551 152 768 217 ..54-

110 331 147 387 91
226 319 273 378 Ad
291 322 406 377 tussem
423 336 552 395 gravem.
586 319 655 376 ante
675 316 775 376 omnia
788 315 981 395 purgandum
999 320 1046 376 est
1060 335 1169 393 corpus

157 408 321 486 tussientis,
344 405 488 484 purgabis
512 408 615 466 autem
633 405 682 464 sic.
720 424 909 465 cucumerem
927 405 1103 465 silvaticum
1120 406 1170 465 vel

156 498 305 559 radioinas
328 495 393 556 eius
417 514 486 554 cum
508 494 587 555 nitro
606 494 809 554 Alexandrino
828 496 962 554 conteres
981 497 1012 554 et
1030 493 1169 554 iniuncto

156 588 226 648 vino
249 586 344 647 veteri
367 583 458 644 deicis
480 604 535 660 per
547 602 641 644 comu
659 585 777 659 etpost
795 582 874 642 diem
891 583 1017 642 tertium
1035 583 1171 643 remedia

156 675 309 735 adhibebis
333 673 416 734 talia.
455 673 557 732 scillae
586 672 733 732 vastiores
760 674 861 748 partes
890 675 1037 748 quattuor
1064 673 1171 731 tundis
1196 689 1207 729 5

156 765 317 842 diligenter
339 765 369 822 et
392 761 484 822 adicis
507 761 611 821 laseris
635 761 745 820 summi
766 763 888 819 tantum
911 763 1061 837 quantum
1078 761 1171 820 fabae

156 852 332 930 magnitudo
370 853 430 930 est,
467 853 498 910 et
530 851 701 911 commisces
737 849 801 910 vini
837 849 899 909 albi
931 853 1002 909 sext.
1041 853 1073 910 et
1111 851 1173 911 olei

155 941 265 1001 veteris
293 941 370 999 libra
398 943 428 1000 et
456 939 553 1000 denuo
582 940 683 1000 omnia
709 939 800 998 simul
828 938 937 998 deteris
965 941 996 998 et
1027 938 1172 1015 potionas

109 1039 146 1095 22
157 1049 212 1106 per
230 1049 322 1090 cornu
339 1049 394 1106 per
408 1047 448 1089 os.
483 1047 554 1088 sane
573 1029 652 1088 laser
668 1028 740 1088 vino
757 1026 895 1087 resolves.
927 1030 958 1086 et
976 1027 1061 1086 suffis
1079 1028 1174 1087 illum

156 1119 222 1178 istis
264 1118 455 1178 suffimentis:
497 1118 678 1177 sandaracae
715 1111 879 1194 <unciam>
907 1115 923 1173 I
964 1120 995 1175 et
1035 1117 1173 1193 asphalti
1187 1136 1209 1175 ro

156 1227 222 1268 unc.
252 1209 281 1287 Ι,
315 1207 410 1268 alium
441 1208 472 1266 et
504 1225 592 1283 cepas
625 1206 726 1266 omnia
758 1204 926 1281 aequaliter
956 1205 1105 1281 ponderas
1141 1210 1173 1267 et

155 1298 227 1358 teris
251 1300 281 1358 et
303 1296 378 1356 facis
400 1297 501 1371 partes
524 1297 594 1373 trec,
618 1295 783 1372 dequibus
804 1293 931 1372 singulis
954 1314 1009 1370 per
1031 1294 1172 1373 singulos

154 1387 217 1446 dies
240 1385 346 1462 positis
370 1385 402 1442 in
425 1384 603 1444 carbonibus
626 1383 718 1443 suffis.
757 1401 827 1442 sane
855 1386 949 1458 caput
976 1383 1024 1442 illi
1051 1385 1172 1460 ceperis

154 1478 185 1536 et
209 1476 311 1535 oculos
333 1473 380 1532 illi
407 1473 493 1552 ligas.
531 1492 623 1550 quem
648 1476 847 1549 posteaquam
874 1471 1020 1551 subieris,
1048 1473 1091 1532 sic
1115 1494 1172 1549 po-

153 1566 260 1624 tiones.
293 1564 362 1625 vino
387 1562 489 1623 sucido
513 1562 685 1623 commisces
708 1561 811 1638 adipes
830 1560 964 1621 cervinos
983 1560 1170 1622 sufficientes
1186 1580 1208 1619 15

154 1655 202 1713 vel
219 1653 401 1730 berbecinos,
420 1671 496 1728 quos
509 1651 633 1713 resolvis
648 1670 717 1711 cum
730 1651 800 1710 vino
816 1653 847 1708 et
860 1649 1000 1729 adiungis
1014 1651 1172 1711 modicum

155 1761 238 1802 cerae
262 1746 293 1800 et
314 1742 387 1801 teris
411 1744 441 1800 et
464 1760 533 1801 cum
555 1743 639 1817 tepet
660 1759 714 1817 per
736 1759 829 1799 cornu
852 1738 950 1798 deicis.

106 1820 144 1877 93
221 1829 300 1888 Item
326 1829 421 1888 aliter.
468 1829 593 1907 πράσιον
622 1828 703 1906 quod
730 1828 837 1888 Graeci
869 1828 1036 1906 appellant,
1064 1829 1172 1888 Latini

153 1916 277 1976 herbum
299 1916 498 1994 marrubium,
522 1917 630 1977 deteris
653 1920 684 1976 et
707 1937 776 1976 cum
803 1918 881 1994 oleo,
905 1916 1021 1977 modico
1050 1918 1112 1976 sale
1140 1922 1173 1978 et

154 2007 224 2066 vino
249 2005 351 2064 sucido
375 2005 531 2064 commisce
555 2008 586 2064 et
608 2005 754 2080 potiones.
1185 2022 1208 2060 ao

107 2086 145 2143 94
220 2094 341 2153 Pastilli
361 2093 398 2152 ad
415 2095 537 2152 tussem.
578 2094 753 2169 petroselini
770 2094 954 2155 Macedonici
972 2096 1171 2174 semunciam,

154 2183 302 2243 dauci-
324 2183 352 2261 1,
376 2201 496 2242 murrae
518 2214 554 2224 -
576 2182 603 2259 Ι,
628 2182 726 2258 spicae
749 2184 836 2242 nardi
857 2216 906 2262 -‚
930 2185 1005 2243 costi
1029 2216 1081 2262 -,
1105 2187 1171 2244 tra·

155 2272 258 2334 canthi
279 2305 328 2351 —,
346 2271 399 2330 iris
418 2271 515 2348 pistae
537 2304 585 2349 -,
609 2272 691 2331 acori
712 2303 750 2313 -
770 2272 794 2350 Ι,
813 2272 925 2348 piperis
945 2305 996 2351 —,
1015 2274 1095 2334 croci
1115 2305 1170 2353 -,

154 2364 261 2441 guttae
283 2360 508 2422 hammoniacae
529 2392 579 2441 -,
603 2361 700 2420 casiae
726 2392 759 2402 —
780 2361 809 2418 I:
832 2361 906 2422 haec
934 2361 1034 2422 omnia
1062 2363 1170 2422 tundis

154 2455 185 2511 et
208 2451 302 2512 cernis
326 2454 357 2511 et
379 2470 415 2511 ex
438 2469 518 2527 aqua
541 2450 641 2510 mulsa
658 2450 797 2526 pastillos
815 2450 916 2529 iacies,
941 2470 1016 2528 quos
1035 2451 1168 2511 tussien-
1183 2465 1206 2505 25

153 2542 235 2601 tibus
266 2562 302 2602 ex
328 2559 417 2619 passo
447 2539 538 2600 (labis¹
584 2558 655 2599 sane
682 2539 880 2620 tracanthum
912 2543 982 2599 ante
1008 2540 1105 2616 pridie
1134 2541 1169 2600 in
1264 2537 1265 2540 ’

153 2632 252 2691 mulsa
273 2631 415 2690 intisndis

106 2708 144 2763 95
221 2719 309 2779 Potio
338 2720 376 2777 ad
406 2735 507 2777 omnes
535 2719 640 2776 tusses.
682 2717 835 2776 macanthi
856 2749 893 2758 -
915 2717 943 2794 Ι,
966 2718 1097 2777 hormini
1121 2737 1169 2778 se-

155 2807 243 2864 minis
270 2807 360 2882 libra,
393 2805 504 2880 cymini
523 2837 578 2883 —-,
611 2805 748 2864 croci-
776 2805 804 2883 Ι,
832 2825 952 2865 murrae
978 2838 1031 2885 —,
1065 2806 1168 2883 spicae

155 2893 243 2952 nardi
264 2925 313 2970 —‚
335 2893 448 2969 piperis
468 2924 509 2934 -
527 2893 551 2972 1,
574 2893 657 2969 passi
680 2896 752 2953 sext.
772 2893 810 2952 H.
1183 2909 1208 2948 ao

107 2982 145 3037 26
221 2981 270 3040 Ad
292 2986 406 3041 tussem
429 2981 538 3041 siccam
561 2983 592 3040 et
619 2981 657 3040 ad
685 2983 827 3044 arteriam
854 2984 1046 3044 constrictam
1076 2987 1106 3043 et
1129 2986 1170 3044 ad

226 3176 242 3222 2
262 3171 410 3224 tussieutes
426 3171 430 3238 Ι
447 3169 613 3224 salvaticum
627 3172 637 3238 [1
651 3175 667 3223 5
681 3169 818 3226 castiores
836 3170 974 3225 castiores
988 3172 998 3239 l
1012 3179 1028 3226 6
1043 3171 1144 3227 laseris
1159 3172 1169 3243 ΙΙ

157 3247 190 3295 10
204 3238 295 3294 asflati
309 3243 318 3311 [Ι
334 3244 366 3293 17
385 3243 482 3310 teresi
498 3246 531 3296 18
548 3241 646 3311 pation
664 3241 711 3296 R¹
728 3242 830 3310 pacion
843 3242 871 3295 R
888 3243 932 3310 (in
944 3244 1069 3312 marcise
1084 3260 1169 3297 cnanu

155 3310 290 3366 Potitium
308 3309 423 3381 πάκϊον)
436 3313 446 3381 l
459 3317 492 3365 21
512 3311 648 3381 pastellos
661 3312 689 3365 R
716 3311 874 3382 κατασκευὴ
888 3315 1029 3367 παστίλων
1043 3314 1167 3384 (naora-

155 3383 220 3451 tov)
242 3381 347 3437 ΗΡΜ
368 3388 372 3451 Ι
397 3383 479 3464 sem]
501 3391 534 3452 γᾶ
554 3382 602 3437 oee'
627 3383 690 3437 ΗΡ
718 3385 830 3440 unciam
854 3401 938 3439 unam
962 3387 1045 3438 semis
1074 3384 1135 3453 ch.
1158 3385 1168 3456 ll

155 3460 188 3508 22
208 3469 322 3523 myrnae
338 3456 343 3525 l
359 3454 481 3508 tracants
494 3456 504 3523 t
517 3459 552 3508 28
575 3453 685 3523 tripiste
699 3457 709 3523 ΙΙ
722 3460 758 3508 24
777 3457 884 3510 cassiae
901 3458 911 3524 [1
929 3459 964 3510 25
982 3453 1167 3511 febrientibus

153 3526 182 3581 R
192 3529 273 3594 (corr.
284 3524 446 3595 Sorobium')
459 3528 469 3596 Ι
482 3529 517 3580 28
527 3522 627 3579 ormini
641 3527 650 3594 l
664 3530 698 3579 29
708 3542 816 3594 myrrae
830 3529 839 3596 l
854 3531 886 3580 81
901 3526 1006 3580 arteria
1015 3527 1168 3582 constricta
