2554 3900
514 147 730 212 ..73-

107 315 183 376 vino
198 318 229 373 et
242 333 296 390 per
313 329 346 373 os
365 311 455 372 tertio
474 329 594 388 quoque
618 311 665 370 die
687 310 897 370 infunduntur.
934 311 1016 389 gallo
1036 312 1127 372 etiam

109 404 210 464 occiso
233 401 314 461 idem
334 402 391 461 hoc
412 400 478 460 fieri
501 401 585 460 solet.
622 400 676 459 alii
699 403 792 476 caput
814 400 956 460 caninum
978 401 1127 461 fracidam

107 492 273 569 requirunt
300 493 331 550 et
357 489 474 550 seillam
501 489 602 548 albam
624 488 793 548 harundine
820 488 852 547 iu
878 492 980 565 partes
1008 491 1128 551 concisa

109 581 204 641 simul
225 581 357 657 torrent,
381 597 459 655 quae
482 578 616 656 levigata
643 596 712 638 oum
738 577 803 637 viui
830 578 940 638 cotulis
964 578 1127 639 Corinthiis

79 670 260 748 squiuqne,
293 668 353 728 olei
383 667 488 728 cotula
513 666 630 744 Attica,
661 666 774 742 piperis
807 667 869 726 albi
899 666 1027 726 triti-
1047 688 1125 729 oom-

113 759 223 818 misce:
255 776 292 816 ex
324 775 385 834 quo
418 756 554 834 singulos
589 753 734 814 sextarios
768 775 823 831 per
853 775 957 815 narem
990 757 1126 817 dextram

109 846 244 906 infunde.

178 936 256 995 Item
278 934 368 993 alitor
390 927 471 1011 <ad>
495 932 667 1011 suspirium,
691 933 771 1010 quod
790 931 897 993 Graeci
921 935 1192 1011 orthopnoeanaos

107 1027 229 1086 vocant.
266 1021 458 1101 cognoscitur
479 1024 583 1081 autem
606 1040 675 1082 oum
698 1022 867 1081 iumentum
887 1041 975 1083 nares
994 1029 1125 1085 arrectas

67 1113 205 1175 ichabot
226 1113 449 1189 purulentaque
473 1110 585 1170 emittit
609 1114 639 1170 et
661 1111 794 1171 crebrius
823 1111 877 1170 ilia
905 1113 1033 1172 attrahit
1056 1133 1125 1174 ocu-

110 1204 218 1279 losque
241 1201 333 1260 habet
355 1199 538 1259 arrectiores.
577 1199 693 1260 curatio
718 1200 782 1259 eius
809 1200 881 1260 talis
909 1205 962 1260 est.
1001 1203 1125 1280 sanguis

109 1292 147 1351 de
171 1290 284 1350 cervice
307 1288 442 1347 mittitur
463 1288 550 1365 isque
573 1307 643 1348 oum
669 1290 734 1349 oleo
762 1292 795 1349 et
821 1292 906 1349 aceto
929 1289 1126 1365 permiscetur

109 1382 142 1440 et
163 1380 210 1438 ita
231 1379 401 1438 iumentum
422 1377 557 1454 ungitur.
595 1377 677 1456 cibis,
700 1377 733 1436 in
757 1381 907 1454 quantum
928 1377 994 1437 fieri
1016 1381 1125 1456 potest,

109 1468 281 1528 abstinetur
302 1467 352 1526 vel
374 1466 412 1524 iis
434 1465 542 1543 utitur,
566 1466 620 1542 qui
642 1466 805 1525 calefacere
828 1469 964 1545 possunt,
988 1470 1044 1526 aut
1061 1467 1125 1526 ervi

63 1579 94 1619 rs
109 1561 167 1617 aut
190 1556 293 1616 ciceris
319 1557 375 1614 aut
401 1553 521 1615 triticea
547 1555 659 1632 farina,
688 1557 803 1614 aestate
831 1555 924 1613 etiam
950 1555 1124 1631 hordeacia3

107 1645 204 1706 infusi
226 1645 318 1704 etiam
339 1644 500 1721 tracanthi,
523 1661 627 1720 sapae,
651 1642 818 1719 sulphuris,
842 1643 890 1702 vel
914 1643 1006 1702 etiam
1029 1644 1125 1703 catuli

107 1734 256 1813 sauguine
289 1733 423 1810 adiecto,
460 1735 491 1791 et
522 1732 634 1808 cymini
668 1730 736 1790 triti
769 1731 850 1806 quod
885 1732 983 1791 tribus
1019 1731 1124 1812 digitis

107 1819 280 1884 sustuleris:
303 1841 340 1882 ea
363 1819 465 1882 omnia
490 1820 560 1882 vino
585 1818 669 1880 dahis
692 1819 862 1900 commixta,
885 1821 933 1882 vel
952 1821 1001 1882 ovi
1020 1823 1124 1882 album

106 1933 178 1975 oum
195 1912 283 1972 melle
303 1913 333 1971 et
351 1910 479 1970 nucibus
497 1908 603 1988 pineiS,
627 1908 658 1968 id
677 1907 723 1969 est
741 1909 856 1970 nucleis
874 1909 1024 1991 levigatis,
1042 1914 1122 1973 lacte

61 2023 91 2063 so
106 2002 268 2064 commixto
281 2020 336 2076 per
349 1999 412 2059 dies
426 1997 636 2077 duodeviginti
655 2001 709 2058 aut
726 1997 836 2076 plures.
860 1999 933 2061 dum
940 2002 1125 2062 convalescit

105 2091 221 2169 pulmo,
244 2090 276 2148 id
292 2089 393 2148 facies.
434 2089 461 2147 si
486 2107 548 2148 non
574 2088 747 2166 profecerit,
774 2089 906 2151 radicem
938 2091 1123 2169 consiliginis

106 2183 177 2242 cute
209 2180 310 2238 forata
340 2177 373 2236 in
398 2179 505 2253 pectus
533 2178 643 2237 adicies
670 2179 719 2238 vel
745 2178 777 2236 in
805 2179 959 2238 auriculae
987 2180 1123 2240 urceolas

106 2271 255 2330 extremas
278 2269 310 2326 et
331 2267 364 2324 in
386 2266 484 2343 prima
501 2269 588 2343 parte
606 2267 727 2326 narium
745 2268 840 2345 ponis,
863 2288 917 2344 per
936 2269 1017 2344 quod
1036 2287 1122 2328 omne

104 2353 218 2419 vitium
249 2355 432 2416 arctabitur.
478 2355 618 2431 pastillos
646 2352 761 2430 et<iam
792 2352 882 2432 oum>
910 2375 991 2431 aqua
1024 2357 1123 2415 mulsa

63 2464 92 2506 as
107 2446 194 2506 dabis
212 2445 401 2520 nucibusque
419 2444 530 2503 amaris
549 2443 788 2504 oumradicibus
807 2444 974 2502 cucumeris
992 2443 1123 2502 silvatici

107 2535 198 2595 melle
222 2533 462 2609 commalaxatis3
486 2533 525 2591 ad
546 2533 627 2591 huno
645 2532 736 2589 usum
756 2529 894 2589 servabis.
924 2529 974 2589 vel
992 2527 1124 2589 radicem

105 2624 185 2684 mori
207 2617 289 2701 <ad>
317 2622 419 2682 obolos
446 2623 507 2679 tres
534 2620 700 2696 levigatam
727 2635 796 2676 oum
825 2615 895 2677 vino
923 2617 1068 2677 calefacto
1092 2618 1125 2676 in

105 2729 196 2772 nares
218 2711 353 2770 infundis
383 2707 563 2786 suspiriosis.
600 2706 685 2783 prius
713 2708 817 2765 autem
843 2706 953 2782 cyatho
980 2725 1041 2765 uuo
1065 2705 1124 2767 olei

106 2803 138 2861 et
170 2799 235 2860 viui
266 2799 396 2859 sextario
423 2817 485 2857 uuo
518 2799 610 2872 eaput
637 2794 790 2873 purgabis
833 2795 944 2871 quibus
972 2795 998 2854 si
1026 2796 1124 2856 sanies

64 2908 92 2948 so
106 2887 304 2966 responderit,
323 2885 489 2946 insanabile
508 2885 618 2946 vitium
637 2887 690 2944 est.
724 2884 817 2961 siper
835 2903 921 2944 nares
940 2904 998 2962 pus
1016 2886 1124 2964 reddit,

105 2979 186 3038 turis
208 2975 337 3035 masculi
359 2970 524 3054 (unciam)
548 2994 618 3034 cum
640 2973 704 3034 vini
727 2974 829 3033 cotula
850 2973 954 3033 Attica
977 2975 1124 3053 levigabis

105 3069 138 3127 et
157 3085 211 3142 per
224 3067 387 3141 utramque
401 3082 504 3122 narem
522 3064 675 3139 tepefacta
692 3062 833 3122 infundes
851 3062 993 3140 foliisque
1012 3064 1124 3123 laureis

182 3242 197 3290 l
217 3234 274 3290 diei
289 3233 469 3302 funduntur!
484 3238 499 3288 5
513 3232 610 3287 Attica
622 3233 736 3301 scripsi:
746 3230 846 3286 addita
858 3233 905 3300 (of.
916 3233 986 3302 205)
999 3234 1009 3301 ΙΙ
1023 3229 1127 3300 Sgreci

105 3307 304 3377 orthopoueau
316 3308 327 3375 11
341 3311 375 3360 10
394 3303 500 3358 atrahit
518 3302 614 3358 oculos
633 3319 705 3371 quae
719 3304 729 3372 u
745 3308 776 3356 11
796 3301 972 3372 permiscitur
985 3305 995 3372 fl
1011 3309 1044 3356 14
1059 3301 1103 3356 his
1119 3302 1122 3372 Ι

105 3379 212 3447 herbin
229 3385 260 3431 15
279 3375 429 3431 hordeacia
443 3377 452 3443 ΙΙ
468 3381 500 3429 lo
513 3373 634 3430 tracanti
648 3376 657 3442 ΙΙ
672 3379 706 3428 19
716 3376 791 3428 lacte
810 3373 907 3429 Sorcb.
935 3373 993 3429 lte
1011 3375 1040 3428 R
1060 3375 1070 3441 l
1091 3378 1126 3425 1ο

106 3447 156 3507 ἐπὶ
164 3446 283 3520 ἡμέραις
295 3447 392 3502 a'HP
404 3448 414 3516 ΙΙ
427 3453 461 3500 11
471 3442 613 3514 proficerit
626 3447 635 3515 ΙΙ
649 3451 683 3498 11
698 3443 815 3499 adiiciee
832 3447 836 3513 Ι
852 3392 979 3498 arficulo
990 3442 1109 3520 oroiolas
1117 3441 1127 3510 [t

106 3529 143 3577 25
152 3521 256 3576 amaris
269 3520 380 3588 scripu:
392 3517 507 3571 marinis
521 3517 531 3584 fl
545 3520 579 3569 19
590 3517 710 3570 sextario
720 3515 789 3585 uuo]
808 3530 856 3568 sex
869 3516 916 3569 tuo
929 3517 939 3581 l
953 3519 986 3569 31
1001 3511 1125 3567 infundis
